3750 5990
939 563 1122 617 northusun*
1180 585 1187 598 ·

367 657 1708 690 .......----—--——---—---·-··-··-·--

769 735 784 808 ai
838 729 959 814 [Quadri
1012 727 1060 794 recl
1113 733 1139 811 [ὅ
1193 725 1291 806 δῆμος]

770 831 975 916 [fflcrr'trrrcw
1111 823 1293 916 [Γλαφύραν]

768 929 988 1022 Ἀ[ρ]χ[ε]λαόυ
1008 927 1175 1019 θυγ[ατὲρα
1194 925 1293 1008 Ἰόβα]

771 1040 909 1118 puertia&
1009 1035 1110 1122 ἆριττῖσ
1199 1025 1293 1110 ἕνεκα]

369 1183 466 1249 Simul
485 1183 621 1242 videntur
635 1181 764 1240 dedicati
783 1195 851 1236 csse
866 1177 946 1237 tituli
960 1177 1020 1235 duo
1035 1175 1096 1248 alii,
1119 1173 1195 1232 alter
1209 1172 1304 1250 patris
1322 1171 1421 1230 editus
1433 1164 1502 1245 'Bau
1518 1164 1593 1251 ἇρχ.
1613 1167 1708 1240 1024,

368 1308 388 1347 a
406 1285 559 1347 Kochlero
582 1285 625 1342 sic
648 1281 830 1358 descriptus:

899 1439 926 1471 u
945 1439 955 1469 τ
979 1447 1001 1470 τι
1017 1440 1039 1469 τι
1057 1416 1079 1468 Η
1097 1415 1158 1470 ΕΞ

899 1515 1158 1572 ΧΕΛΑΟΝΦΙΛΟ

901 1617 1159 1673 ΞΝΕΚΑΤΗὶΕΙΣ

369 1779 458 1838 qnam
485 1757 608 1835 explent
639 1757 752 1816 nummi
783 1751 863 1830 apud
890 1751 1068 1811 Echhelium
1095 1751 1129 1824 3,
1158 1749 1216 1809 tot
1250 1755 1280 1810 ct
1305 1747 1490 1808 hliounetum
1517 1746 1546 1818 4,
1575 1745 1649 1804 453.
1678 1745 1708 1818 7,

369 1860 429 1921 722
451 1860 588 1935 imcrlpti
611 1859 669 1918 sic:
701 1857 877 1914 attinent
900 1856 1095 1910 ΑΡΧΕΛΑΟΥ
1117 1852 1401 1908 ΦΙΛΟΠΑΤΡΙΔΟΟ
1422 1851 1503 1904 ΤΟΥ
1525 1850 1707 1918 unctor,

368 1962 444 2020 alter
464 1961 566 2018 fratris
588 1960 687 2018 editus
710 1957 790 2034 apud
805 1955 993 2032 Rangabium
1015 1973 1044 2012 n.
1060 1953 1099 2012 48
1122 1959 1153 2010 et
1171 1947 1238 2026 Ἐφ.
1262 1946 1335 2032 ἇρχ.
1359 1950 1408 2022 tt,
1432 1947 1477 2007 sic
1497 1957 1646 2024 exceptus
1668 1948 1710 2004 ab

369 2061 474 2121 codem
496 2059 665 2118 Kochlero:

916 2192 1078 2248 ΟΔΗΜΟξ

882 2291 1154 2348 anathematur!

881 2393 1079 2448 ΛΛΟΥΥΙΟΝ

778 2489 785 2500 “
882 2493 1077 2548 sexentos

371 2635 450 2698 Nam
477 2653 533 2694 rex
559 2631 727 2693 Archelaus
755 2649 815 2692 non
841 2636 1034 2708 potestesse
1061 2625 1118 2684 uisi
1145 2625 1269 2685 ultimus
1293 2645 1348 2686 rex
1370 2623 1598 2703 Cappadociae;
1623 2623 1708 2683 filius

372 2745 470 2796 autem
491 2735 679 2812 cognominis
708 2734 773 2792 sine
801 2731 893 2790 dubio
914 2729 941 2788 is
964 2737 1025 2796 est,
1051 2726 1102 2802 qui
1127 2727 1208 2784 avito
1231 2723 1440 2805 Cappadociae
1464 2743 1558 2802 regno
1582 2726 1613 2784 iu
1635 2743 1707 2800 pro·

372 2838 487 2896 vinciae
523 2837 651 2894 formam
688 2833 809 2893 reducto
849 2829 972 2890 Ciliciae
1014 2827 1146 2905 aliquam
1184 2838 1300 2904 partem
1343 2827 1477 2899 retinuit,
1519 2833 1707 2886 memoratus

373 2937 480 2997 Tacito
502 2936 540 2994 ad
565 2954 592 2994 a.
614 2955 643 3014 p.
667 2933 702 2994 C.
726 2933 811 3009 36¹).
855 2929 945 3005 Quod
971 2928 1055 2988 addit
1081 2929 1228 3006 Iosephus
1252 2927 1438 3006 Glaphyram
1465 2927 1608 2990 defuncto
1630 2929 1707 2988 luha

373 3028 582 3114 (μεταστάντος
613 3037 665 3093 τοῦ
695 3025 818 3109 Λιβύος)
851 3034 890 3092 ad
922 3041 1038 3107 patrem
1074 3031 1104 3088 in
1137 3027 1360 3108 Cappadociam
1395 3048 1547 3090 reversam
1583 3031 1708 3090 tertium

324 3175 327 3184 ·
375 3137 516 3212 nupsisse
544 3135 695 3192 Archelao
720 3133 852 3192 Herodis
880 3133 954 3202 filio,
981 3131 1066 3190 fratri
1093 3131 1182 3207 primi
1203 3133 1312 3202 mariti,
1338 3132 1369 3189 in
1391 3151 1428 3192 eo
1451 3150 1581 3190 errorem
1603 3131 1708 3190 inesse

373 3234 461 3294 multi
483 3234 719 3291 observaverunt
740 3231 821 3308 (vide
846 3251 871 3291 c.
891 3253 917 3292 c.
938 3230 1081 3292 Carolum
1103 3231 1280 3292 Muellerum
1307 3231 1413 3310 fragm.
1439 3233 1508 3292 hist.
1535 3229 1647 3292 Graec.
1676 3233 1708 3302 3,

376 3334 461 3410 466),
483 3351 553 3392 num
569 3331 757 3410 Glaphyram
780 3332 858 3393 idem
874 3332 1024 3410 Iosephus
1047 3332 1150 3390 scribit
1170 3332 1249 3392 diem
1271 3333 1382 3393 obiisse
1404 3351 1432 3392 a.
1448 3351 1477 3410 p.
1493 3331 1527 3392 C.
1547 3333 1576 3404 i,
1600 3333 1708 3392 Iubam

375 3437 489 3494 nummi
511 3434 707 3512 comprobant
727 3435 819 3494 vitam
840 3434 1027 3511 protraxisse
1048 3431 1087 3490 ad
1108 3451 1135 3493 a.
1158 3451 1188 3510 p.
1211 3432 1246 3495 C.
1270 3432 1319 3494 23.

570 3943 640 4004 XV.
684 3942 716 4005 S.
738 3941 775 4003 C.
796 3941 855 4002 DE
877 3940 1099 4004 THISBAEIS
1120 3946 1160 4002 A.
1182 3941 1219 4002 V.
1242 3941 1508 4002 0.1)Lxxx1v.

461 4099 555 4160 Vicus
582 4106 629 4158 est
653 4099 685 4158 in
706 4097 835 4158 Boeotia
854 4097 943 4156 hodie
965 4097 1061 4157 dictus
1082 4096 1218 4170 Kakosi,
1244 4099 1376 4174 antiquis
1397 4108 1496 4158 autem
1521 4101 1710 4178 temporibus

378 4201 526 4270 Thisbae,
552 4216 648 4276 prope
673 4217 763 4275 quem
787 4200 819 4258 iu
841 4199 929 4256 vinea
954 4199 1082 4274 quadam
1109 4205 1177 4256 ante
1204 4217 1298 4258 annos
1325 4200 1443 4260 circiter
1473 4200 1575 4260 decem
1604 4201 1709 4261 tabula

377 4317 546 4360 marmorea
572 4306 691 4375 reperta
718 4309 764 4358 est
791 4299 943 4376 descripta
968 4299 1096 4376 primum
1124 4317 1142 4357 a
1169 4296 1344 4370 Blondelio‚
1377 4300 1475 4360 denuo
1507 4319 1527 4358 a
1553 4299 1710 4360 Foucarto

379 4400 501 4476 egregio
514 4397 744 4471 inscriptionum
755 4397 991 4458 Lehasiansrum
1003 4397 1149 4459 Graeciae
1164 4401 1303 4476 propriae
1318 4399 1431 4460 editore
1446 4408 1476 4460 et
1489 4402 1707 4460 continuatore.

378 4497 411 4555 Is
434 4515 501 4554 cum
527 4497 574 4555 bis
600 4496 699 4573 ipsum
721 4496 851 4572 lapidem
877 4509 1014 4560 accurate
1040 4501 1220 4559 examinarit
1247 4507 1276 4560 ct
1303 4501 1474 4576 exemplum
1500 4501 1538 4559 ad
1564 4509 1707 4578 ectypum

378 4596 540 4656 identidem
569 4597 749 4674 recoguorit,
770 4597 874 4657 titulus
897 4599 939 4657 ita
959 4600 1085 4677 integer,
1106 4609 1221 4659 utnon
1242 4602 1341 4660 desint
1361 4602 1420 4660 nisi
1442 4619 1540 4679 pauca
1560 4600 1710 4661 elementa

377 4695 478 4776 lapide
499 4695 547 4754 hic
567 4695 628 4754 illic
649 4714 742 4757 exeso
761 4697 810 4757 vel
831 4699 965 4771 effracto,
984 4702 1037 4760 sed
1052 4701 1129 4761 lectu
1151 4719 1210 4760 non
1230 4701 1328 4762 facilis
1350 4711 1429 4761 recte
1450 4711 1481 4760 et
1493 4701 1581 4779 plene
1596 4719 1709 4778 excep-

378 4863 583 4874 ——n—

454 4981 478 5045 ¹)
504 4995 565 5035 ann.
585 4983 611 5047 6,
631 4985 680 5035 412
708 4979 830 5036 Clitarum
847 4985 918 5038 natta
939 4981 1089 5054 Cappadoci
1108 4985 1233 5039 Archelao
1252 4985 1372 5050 subiecta,
1394 4987 1426 5039 sd
1446 5001 1521 5053 quem
1540 4987 1628 5039 lotum
1646 5001 1711 5053 pro-

377 5071 498 5124 bablllter
521 5075 631 5126 coniecit
652 5073 826 5140 Nipperdclns
847 5091 906 5128 cum
929 5077 1088 5130 Archelaum
1113 5085 1201 5130 notum
1229 5093 1284 5131 esse
1312 5095 1346 5131 ex
1370 5079 1501 5132 Archelao
1529 5079 1621 5130 ultimo
1645 5091 1711 5144 regu

377 5161 566 5230 Cappadociae.
604 5163 644 5218 Cl.
664 5167 690 5229 2,
711 5167 754 5218 ts.
775 5168 819 5218 to.
