3812 5960
628 1353 1087 1467 ADDITAMENTA

510 1553 586 1634 AD
616 1553 823 1636 FAS'l‘OS
852 1554 983 1636 ANNI
1010 1553 1210 1636 IVLIANI

669 1703 744 1780 (vot.
761 1704 776 1762 1
798 1724 827 1780 p.
845 1702 1043 1780 ess-412).

757 1929 961 1940 ——nae-—n

279 2175 440 2235 Fastorum
473 2177 545 2234 anni
573 2175 682 2235 Iuliani
714 2195 792 2254 quae
824 2177 999 2236 tenebamus
1028 2176 1215 2253 exemplaria
1243 2189 1331 2239 aucta
1358 2191 1427 2240 sunt
1454 2199 1525 2254 nno,

195 2297 301 2356 nempe
328 2295 364 2337 eo
390 2277 471 2354 quod
498 2275 710 2336 effossionibus
737 2279 768 2336 iu
793 2278 861 2336 luco
887 2278 961 2337 deae
988 2277 1066 2336 Dies
1094 2281 1189 2338 nostri
1217 2281 1297 2356 regis
1325 2281 1412 2340 iussu
1440 2285 1525 2343 insti·

196 2380 269 2436 tutis
294 2397 347 2454 per
374 2377 650 2437 asseruisse
677 2380 755 2437 inter
781 2389 914 2438 actorum
941 2379 1099 2438 Arvalium
1126 2379 1267 2456 reliquias
1294 2391 1445 2458 repertum
1471 2395 1526 2456 est,

195 2479 307 2555 publici
329 2487 430 2538 autem
451 2477 526 2537 iuris
547 2478 658 2537 iactum
680 2480 718 2538 ab
741 2477 886 2538 Heuzeno
907 2479 938 2537 iu
960 2479 1105 2538 relatione
1127 2480 1163 2538 de
1185 2481 1292 2539 iisdem
1313 2482 1525 2544 effossionibus

196 2579 277 2638 edita
296 2579 411 2638 Roma
436 2579 557 2639 mess
583 2597 611 2654 p.
629 2579 771 2639 84-93.
814 2579 881 2638 Nos
910 2581 1073 2639 secundum
1099 2581 1190 2639 huius
1216 2581 1415 2658 ephemeridis
1441 2585 1525 2642 insti·

196 2687 291 2739 tutum
313 2690 465 2740 reservata
485 2680 580 2757 ipsius
602 2679 722 2738 tabulae
744 2681 1019 2757 repraesentatione
1041 2681 1179 2758 eorporis
1197 2681 1398 2742 voluminibus
1420 2691 1527 2760 postea

196 2780 359 2857 prodituris
386 2781 503 2840 interim
529 2781 692 2842 referemus
719 2798 914 2857 quaecunque
940 2783 971 2840 in
995 2781 1128 2856 reliquiis
1147 2781 1185 2840 iis
1208 2783 1398 2841 continentur
1418 2785 1461 2842 ita
1482 2785 1525 2842 di·

197 2891 291 2956 gesta
314 2891 347 2940 ut
368 2881 547 2959 digessimus
569 2882 599 2938 iu
622 2881 719 2957 primo
742 2881 893 2941 volumine
915 2881 1100 2957 exemplaria
1120 2899 1157 2939 eo
1178 2891 1313 2959 tempore
1333 2889 1413 2942 uota

280 2981 490 3060 inscriptionis
512 3000 571 3040 uuo
587 2999 675 3040 versu
697 2983 837 3040 maximis
858 2982 965 3040 litteris
981 2981 1110 3058 scriptae
1124 2981 1273 3059 particula
1287 2993 1424 3062 superest
1438 2985 1524 3045 baec:

363 3115 452 3192 (eamr
465 3133 547 3176 urea«
560 3143 578 3175 e.
593 3115 642 3192 37)
667 3101 713 3208 free
726 3145 732 3162 ·
747 3134 815 3175 uso
831 3146 838 3160 ·
854 3131 929 3174 saur
943 3145 950 3160 ·
965 3089 1075 3210 savus]
1092 3117 1184 3193 (aaut
1195 3135 1280 3178 erma
1294 3147 1312 3180 e.
1328 3121 1358 3196 ⁵)

197 3253 334 3328 Apparet
359 3251 535 3328 magistrum
562 3251 692 3328 aliquem
719 3251 839 3330 collegii
865 3269 917 3310 eos
944 3252 1040 3310 iustos
1066 3252 1097 3310 in
1124 3253 1193 3312 luco
1222 3271 1309 3314 sacro
1330 3257 1526 3333 proposuisse

197 3352 294 3428 iisque
316 3369 423 3410 nomen
444 3353 684 3430 praescripsisse.
721 3351 782 3425 Qui
804 3371 870 3411 cum
893 3351 1101 3429 [t]mp(eral0r)
1124 3353 1303 3432 appelletur,
1324 3367 1404 3416 recte
1425 3359 1527 3418 obser·

197 3453 279 3510 rarit
301 3451 459 3512 Heuzeuus
485 3454 533 3512 bic
559 3473 618 3512 non
645 3453 810 3531 significari
836 3454 1044 3530 imperatorem
1072 3455 1125 3530 qui
1151 3454 1240 3514 rebus
1265 3467 1431 3532 praeessem
1458 3475 1527 3518 nam

197 3555 339 3613 extremis
371 3555 458 3612 sanis
483 3555 627 3633 Augusti,
659 3571 731 3630 quo
749 3563 882 3630 tempore
912 3553 1006 3614 fastos
1036 3555 1093 3614 hos
1122 3555 1250 3632 scriptos
1278 3573 1346 3615 esse
1373 3575 1444 3616 mox
1476 3559 1527 3618 de-

197 3655 445 3726 monstrabimus,
473 3674 571 3732 neque
597 3655 726 3732 Augusti
753 3673 848 3730 neque
874 3653 990 3712 Tiberii
1020 3672 1127 3714 nomeu
1154 3656 1186 3713 in
1212 3661 1279 3730 imp.
1308 3658 1420 3718 nudum
1448 3659 1527 3718 desi-

198 3773 268 3814 nere
293 3757 399 3832 potuit.
436 3753 559 3814 Nummi
581 3765 660 3814 certe
681 3755 858 3831 lapidesque
880 3755 958 3814 iuter
978 3755 1108 3814 honores
1130 3757 1261 3834 Augusti
1281 3768 1313 3816 et
1335 3755 1451 3818 Tiberii
1472 3761 1527 3817 im·

197 3857 380 3932 peratorium
407 3875 476 3915 raro
504 3856 610 3915 ultimo
639 3855 703 3914 loco
731 3855 881 3914 eollooant
901 3873 998 3932 neque
1019 3855 1187 3914 iterationis
1205 3855 1417 3916 indicationem
1439 3861 1527 3917 omit-

197 3967 260 4014 tere
289 3957 397 4014 solent.
445 3957 510 4014 lam
543 3975 611 4016 cum
639 3959 797 4034 Augustus
828 3964 898 4032 post
927 3975 990 4015 rem
1018 3955 1168 4032 publicam
1196 3957 1389 4015 constitutam
1415 3975 1443 4015 a.
1467 3957 1525 4015 727

197 4057 387 4134 imperatoris
413 4057 555 4115 honorem
582 4066 705 4134 propter
731 4057 831 4133 ipsum
857 4075 964 4116 nomen
989 4055 1170 4114 invidiosum
1192 4063 1223 4114 et
1241 4055 1445 4133 perieulosum
1466 4075 1527 4115 non

199 4158 360 4216 concedere
386 4157 496 4216 soleret
523 4157 581 4216 nisi
603 4157 740 4232 proxime
763 4157 928 4216 coniunctis
950 4176 1018 4215 eum
1039 4156 1128 4214 domo
1148 4156 1355 4236 imperatoria,
1382 4174 1443 4216 uon
1464 4175 1527 4215 ere-

198 4258 322 4318 diderim
344 4257 437 4316 ullum
459 4277 494 4316 eo
516 4268 650 4334 tempore
672 4259 703 4316 in
723 4258 800 4316 vivis
821 4258 916 4318 luisse
937 4256 1127 4333 imperatoris
1147 4256 1259 4316 honore
1281 4265 1420 4316 ornatum
1442 4275 1528 4334 prae-

198 4370 243 4418 ter
269 4360 354 4434 ipsos
379 4358 465 4430 illos,
495 4358 547 4432 qui
575 4360 664 4417 rebus
693 4367 865 4434 praeerant,
894 4365 924 4416 et
951 4355 1163 4416 Germanicum
1190 4359 1399 4434 imperatorem
1426 4359 1527 4437 appel-

197 4461 291 4518 latum
312 4459 374 4530 bis,
403 4477 529 4533 quarum
551 4458 798 4517 acclamationem
819 4459 915 4517 altera
936 4457 999 4516 sive
1020 4459 1104 4533 prior
1125 4459 1189 4516 sive
1209 4460 1360 4536 posterior
1380 4459 1461 4518 iacta
1483 4469 1530 4519 est

197 4557 466 4636 annop.(lhr.14
488 4559 594 4634 paucis
616 4567 687 4636 post
708 4560 838 4636 Augusti
863 4576 1021 4616 excessum
1044 4559 1197 4617 mensibus
1220 4558 1307 4636 (Tac.
1330 4579 1399 4619 ann.
1421 4559 1528 4636 1,58).

198 4660 336 4719 Eundem
362 4661 393 4718 in
415 4659 575 4737 collegium
601 4659 726 4717 fratrum
748 4659 904 4717 Arvalium
925 4659 993 4716 vivo
1016 4659 1171 4718 etiamtum
1192 4662 1331 4740 Augusto
1358 4668 1529 4738 cooptatum

198 4778 266 4819 esse
288 4771 356 4819 acta
382 4759 544 4818 ostendunt
570 4760 641 4818 enni
663 4779 691 4834 p.
709 4757 779 4818 Chr.
798 4760 850 4828 14,
877 4775 1056 4833 quamquam
1079 4759 1154 4818 miro
1176 4778 1276 4820 errore
1295 4761 1442 4820 Mariuius
1465 4763 1530 4820 eius

198 4881 306 4920 nomen
327 4863 370 4919 ita
391 4879 450 4918 uon
473 4862 604 4936 agnovit,
628 4869 660 4917 ut
681 4859 847 4918 inauditum
868 4859 938 4917 inde
953 4857 1069 4916 Tiberii
1090 4877 1236 4936 agnomen
1251 4861 1391 4921 effecerit.
1429 4859 1530 4934 Quare

197 4963 328 5021 fortasse
358 4980 419 5020 non
446 4961 570 5032 errabit,
599 4961 652 5036 qui
679 4961 823 5020 extremis
851 4959 980 5036 Augusti
1006 4959 1093 5017 annis
1119 4960 1237 5036 ipsique
1265 4960 1446 5022 Germanico
1476 4963 1531 5019 hos

199 5063 293 5122 fastos
321 5061 433 5120 tribuit.
482 5061 688 5137 Excipieudus
715 5071 814 5118 tamen
839 5069 886 5118 est
912 5061 1039 5144 Augusti
1064 5067 1235 5136 postremus
1257 5081 1287 5139 p.
1304 5061 1375 5122 Chr.
1393 5064 1445 5134 14,
1472 5081 1532 5138 quo

200 5182 277 5222 anno
312 5162 405 5220 alium
433 5161 610 5238 magistrum
640 5161 767 5237 collegio
795 5159 963 5237 praefuisse
989 5179 1028 5219 ex
1056 5161 1131 5219 actis
1160 5161 1249 5220 modo
1278 5164 1378 5221 citatis
1405 5170 1532 5222 constat.

1285 5263 1303 5320 3
