3826 5962
211 1372 296 1484 Do
334 1366 581 1484 TITVLIS
620 1365 863 1480 illitis
901 1367 984 1482 All
1022 1348 1141 1484 RES
1178 1368 1477 1490 ROMANIS

608 1549 1117 1688 SPIIOTAII'IIBVS.¹
1388 1585 1391 1592 ·

264 1955 293 2015 6.
321 1955 411 2018 Besis
439 1956 548 2032 lapidis
573 1955 719 2016 Pentelici
751 1958 872 2018 inventa
898 1959 930 2018 in
962 1977 1030 2020 arce
1062 1959 1297 2036 septentrionem
1328 1977 1435 2020 versus
1466 1962 1504 2020 ab

180 2057 359 2116 Erechtheo.
401 2057 457 2116 Ed.
479 2057 611 2118 Pittskis
631 2055 698 2132 Ἐφ.
720 2055 793 2142 ciffi.
820 2059 888 2120 104.
927 2058 1064 2120 Contulit
1088 2060 1232 2121 Kochler.
1273 2059 1309 2118 ‘ll
1335 2056 1371 2142 ἐξ
1398 2055 1504 2146 Ἀρείου

181 2148 278 2234 πάγου
306 2149 413 2232 [βουλὴ
438 2147 490 2216 καὶ
510 2158 515 2236 Ι
538 2155 555 2228 ἦ
577 2150 673 2229 βουλὴ
699 2161 755 2218 τῶν
783 2153 940 2242 ἑξακοσίων
959 2153 1021 2238 [καὶ
1044 2161 1049 2238 Ι
1074 2158 1089 2219 o‘
1114 2155 1201 2230 δῆμος
1221 2164 1337 2246 Μᾶρκον
1355 2151 1475 2238 'Moscho
1498 2165 1503 2241 Ι

178 2253 326 2342 'Aegaleos
348 2249 453 2316 sinerer
474 2255 576 2341 ἀρετῆς
597 2249 709 2338 [ἕνεΙκεν
730 2250 777 2318 καὶ
799 2263 850 2332 τῆς
871 2256 940 2344 agdo
961 2258 1009 2334 reio
1030 2253 1111 2320 rso'luv
1132 2255 1263 2338 effusius.
1298 2262 1402 2323 Lectio
1424 2273 1507 2324 certa

181 2367 244 2432 est;
266 2379 294 2418 v.
318 2361 336 2420 3
359 2359 489 2418 Pittakis
510 2361 798 2434 exhibetarrrrr10n3
820 2371 908 2438 atque
929 2365 987 2423 hoc
1007 2361 1148 2423 LatInum
1169 2365 1288 2442 quidem
1310 2383 1418 2424 nomen
1439 2383 1508 2425 esse

181 2461 335 2520 titulorum
362 2461 541 2520 testimoniis
564 2469 681 2521 constat
702 2463 750 2539 (P.
773 2463 899 2524 Anicius
924 2463 1000 2540 C.s.
1022 2465 1049 2536 1,
1073 2463 1162 2523 1251.
1197 2465 1236 2526 L.
1251 2465 1377 2525 Anicius
1391 2467 1506 2525 Redeat

181 2560 221 2635 V,
251 2561 361 2637 1052),
389 2561 445 2622 sed
471 2572 570 2621 tamen
598 2563 772 2624 Kochlerus
799 2565 831 2622 in
857 2564 958 2642 lapide
984 2567 1086 2624 Attico
1112 2567 1240 2626 auuroll
1269 2567 1414 2643 scriptum
1440 2583 1506 2625 esse

181 2663 336 2739 expressis
358 2663 458 2722 verbis
479 2672 614 2723 testatur.

264 2763 364 2840 Atque
384 2764 435 2823 ille
457 2765 562 2824 consul
583 2765 737 2842 hucusque
757 2783 817 2824 non
838 2765 957 2842 quidem
980 2766 1102 2828 omnino
1123 2767 1245 2845 ignotus
1265 2765 1336 2838 tric
1363 2766 1425 2826 Imo
1445 2785 1507 2828 non

182 2864 377 2938 dubiumst,
399 2866 470 2942 quIn
484 2865 562 2924 idem
578 2866 761 2944 significetur
779 2867 811 2926 in
830 2867 918 2924 titulo
931 2867 1117 2942 Pompeiano
1132 2865 1189 2939 1v,
1206 2868 1286 2928 1544
1308 2867 1357 2944 (ra.
1373 2883 1507 2928 vrrocrvs
1537 2921 1542 2932 .

183 2980 301 3024 vrranrs
333 2965 404 3024 sxlr
436 2981 474 3024 rr
505 2981 614 3025 nonus
647 2981 743 3025 rvurss
769 2981 884 3026 serino
911 2982 946 3026 rr
971 2982 1127 3028 marano
1153 2967 1238 3042 cos.)
1266 2978 1295 3028 et
1322 2969 1354 3028 in
1385 2987 1506 3028 nummo

183 3065 377 3126 Pessinuntio
403 3067 569 3144 imperanto
595 3065 724 3126 Claudio
751 3083 840 3139 cuso,
867 3053 923 3126 ⁸cui
947 3066 1124 3144 inscriptum
1152 3079 1199 3128 eet
1227 3073 1286 3126 ΕΠΙ
1317 3073 1506 3128 ΑΦΡΕΙΝΟΥ

185 3167 347 3244 (Borghesi
378 3167 457 3245 Opp.
484 3164 561 3226 VIII
588 3186 618 3244 p.
641 3167 723 3242 150).
778 3164 839 3227 Sed
870 3183 910 3229 ex
941 3167 1027 3227 titulo
1053 3169 1155 3228 Attico
1187 3170 1316 3248 primum
1346 3171 1508 3231 innotescit

183 3269 306 3344 plenum
333 3287 458 3341 nomem
490 3269 597 3328 deinde
627 3269 821 3328 confirmatur
851 3271 942 3329 etiam
968 3269 1048 3346 quod
1074 3267 1259 3350 Borghesius
1285 3271 1359 3331 dIcit
1386 3286 1507 3332 nummo

183 3369 237 3429 illo
257 3371 454 3448 comprobari,
475 3370 533 3429 Th.
549 3371 768 3430 Mommsenum
788 3371 820 3430 in
841 3371 929 3430 titolo
949 3370 1135 3448 Pompeiano
1155 3380 1236 3432 recte
1257 3373 1366 3451 legisse
1380 3389 1507 3448 annino,

184 3491 251 3531 cum
272 3473 432 3532 Avellinus
454 3487 580 3532 arsitrio
601 3471 738 3548 legisset,
764 3491 843 3550 quae
863 3473 951 3532 lectio
973 3473 1062 3532 etiam
1081 3474 1114 3532 in
1137 3471 1255 3551 Corpus
1275 3474 1508 3551 Inscriptionum

184 3581 305 3650 recepta
326 3581 381 3632 est.
425 3570 610 3632 certissimis
631 3581 731 3633 autem
752 3573 901 3652 exemplis
923 3575 1001 3634 hano
1020 3575 1151 3634 nominis
1172 3575 1299 3634 formam
1321 3577 1509 3654 comprobari

184 3675 238 3734 vix
259 3672 408 3750 estquod
435 3673 539 3733 dicam.
582 3672 662 3732 Nam
689 3683 723 3733 ot
747 3675 780 3734 in
801 3675 973 3735 universum
993 3659 1118 3751 Africus
1144 3677 1195 3735 eb·
1210 3696 1246 3736 eo
1268 3677 1349 3754 quod
1369 3685 1416 3736 est
1436 3676 1511 3755 Aser

185 3773 292 3833 eodem
314 3775 402 3832 modo
424 3773 575 3833 derivatur
595 3793 656 3851 qno
672 3775 823 3836 Macrinus
846 3776 989 3847 adiacer,
1010 3775 1054 3834 ita
1074 3793 1112 3834 ne
1133 3775 1163 3832 id
1185 3778 1306 3852 quidem
1327 3797 1430 3838 verum
1452 3789 1509 3852 est,

186 3873 284 3934 abiis
310 3873 536 3950 cognominibus
561 3893 638 3951 qnae
662 3877 782 3954 proprie
806 3877 925 3936 ethnica
951 3877 1025 3948 sint,
1051 3893 1112 3933 non
1138 3857 1266 3934 formari
1287 3877 1349 3935 alia
1373 3880 1405 3938 in
1430 3884 1510 3940 dnus

186 3975 336 4036 exeuntia.
380 3973 476 4035 Cuius
501 3976 544 4034 rei
565 3975 624 4034 Iam
647 3975 705 4036 Th.
727 3978 932 4036 Mommsenus
953 3976 984 4049 1,
1010 3995 1040 4051 p.
1063 3974 1121 4034 178
1148 3994 1215 4035 cum
1241 3985 1346 4034 contra
1365 3979 1509 4039 Rossium

186 4077 363 4153 dispulerat,
389 4076 559 4154 exemplum
585 4078 687 4137 attulit
710 4077 886 4150 Graecinum
911 4077 1039 4136 alterum
1060 4075 1174 4136 secedit
1195 4077 1334 4137 Turrinus
1354 4077 1395 4150 11,
1420 4079 1510 4154 1468,

186 4197 206 4237 a
231 4177 349 4250 nume,
371 4178 453 4255 quod
473 4178 622 4237 ethnicum
643 4179 814 4256 frequenter
834 4177 1020 4255 cognominis
1041 4177 1110 4236 loco
1131 4184 1303 4254 usurpetur.

271 4276 371 4353 Quum
385 4279 478 4355 igitur
490 4280 522 4338 iu
535 4280 655 4340 nomine
665 4279 711 4340 M.
720 4277 917 4361 AnniiAsrini
930 4278 1061 4338 consulis
1073 4277 1147 4336 nihil
1157 4277 1239 4336 dubiI
1250 4277 1445 4366 relinquatur,
1457 4279 1512 4340 du-

184 4383 269 4441 bium
283 4383 453 4440 etiamnunc
466 4389 600 4440 remanet
613 4388 739 4458 tempus.
773 4378 830 4441 Oui
851 4379 1019 4438 deliniendo
1033 4378 1220 4456 Borghesius
1235 4378 1356 4454 quidem
1369 4381 1511 4442 idoneum

184 4483 310 4559 putabet
330 4481 454 4541 alterius
476 4483 609 4542 consulis
630 4480 766 4559 Africani
786 4501 904 4555 nomen,
926 4481 1141 4558 comprobare
1163 4479 1296 4539 studeret
1317 4480 1411 4561 (Opp.
1434 4483 1513 4544 VIII

186 4601 217 4658 p.
232 4584 339 4661 4sqq.)
362 4591 393 4643 et
412 4585 491 4642 hunc
512 4585 605 4642 ulium
627 4601 695 4643 esse
716 4602 777 4643 non
798 4601 891 4659 posse
913 4600 949 4642 uc
973 4583 1006 4640 Τ.
1027 4583 1154 4642 Sestium
1167 4579 1340 4659 Africanam
1359 4585 1512 4644 consulem

187 4684 345 4744 suffectum
362 4684 484 4746 Nerone
505 4685 696 4762 Imperatore,
717 4693 748 4743 ct
767 4685 858 4743 huius
879 4684 1066 4743 consulatum
1087 4683 1218 4742 incidere
1239 4683 1271 4742 in
1292 4703 1402 4744 annum
1420 4687 1459 4746 59
1481 4707 1510 4764 p.

189 4781 262 4843 Chr.
304 4785 354 4843 Ex
380 4787 489 4862 quibus
519 4788 578 4844 hoc
606 4787 811 4845 confirmatum
843 4795 889 4844 est
920 4785 1024 4844 tabula
1055 4783 1173 4860 collegii
1204 4785 1330 4844 fratrum
1355 4785 1513 4845 Arvalium

188 4893 297 4961 postea
322 4896 441 4962 reperta
462 4887 616 4965 (Hennen,
643 4885 732 4949 Soavi
758 4886 808 4945 nel
834 4887 928 4946 bosco
954 4885 1002 4944 dei
1029 4885 1141 4944 fratelli
1161 4885 1269 4945 Arrali
1289 4903 1319 4961 p.
1344 4883 1412 4960 17),
1437 4885 1513 4945 illud

188 4993 289 5046 autem
322 4986 426 5045 eodem
457 4998 651 5049 monumento
677 4987 850 5059 refutatum,
883 5005 950 5045 cum
981 4987 1022 5046 ibi
1050 4987 1087 5045 T.
1115 4984 1212 5046 Sextii
1237 4984 1372 5044 AirIcani
1397 4985 1514 5064 collega

189 5097 382 5149 recenseatur
406 5107 467 5148 non
493 5091 534 5150 M.
555 5091 683 5151 Annius·
704 5090 844 5160 Africus,
872 5087 925 5148 sed
947 5088 991 5147 Μ.
1017 5086 1151 5147 Ostorius
1174 5086 1313 5162 Scapula.
1355 5086 1462 5164 Itaque
1483 5097 1514 5146 et

190 5207 268 5265 qnae
293 5191 405 5254 fuerInt
430 5200 530 5252 cetera
554 5193 636 5253 illins
663 5191 798 5252 Africani
824 5189 958 5263 nomina,
986 5191 1039 5267 qui
1066 5207 1133 5248 cum
1158 5187 1260 5246 Annio
1280 5186 1389 5248 Airino
1415 5188 1512 5246 fasces
