3812 5960
720 587 827 640 asem
846 587 937 638 nuru
955 587 1108 638 namur.
1524 572 1576 644 ,39

1019 689 1133 698 ---.-....
1140 691 1152 695 ..
1162 691 1168 696 ,
1183 687 1577 703 -——.-—--..—-—.-

247 775 278 816 vt
302 772 441 818 voci.
465 755 561 834 (Sept.
579 757 642 832 26).

300 855 450 954 [Veneri
476 856 669 954 genetrilci
695 857 732 930 in
760 857 842 930 foro
870 855 1079 954 [Caesarisl.

353 975 520 1037 Discidium
543 979 623 1054 quod
645 979 702 1036 fuit
723 979 799 1036 inter
820 978 914 1036 iactos
931 978 1105 1050 Pincianus,
1127 979 1177 1054 qui
1200 996 1316 1038 sacrum
1332 982 1389 1041 hoo
1403 981 1578 1042 adscribunt

352 1079 391 1136 ad
414 1077 496 1156 Sept.
513 1077 568 1150 tt,
595 1086 626 1137 et
645 1079 818 1149 Vallenses,
844 1079 895 1156 qni
920 1077 1054 1138 referunt
1078 1081 1117 1138 ad
1142 1080 1220 1140 diem
1247 1084 1489 1158 praecedentem,
1517 1083 1577 1144 iam

353 1179 496 1238 dirimunt
518 1181 691 1252 Arvalium3
713 1187 890 1239 erraverunt
911 1181 1027 1239 seilicet
1048 1180 1079 1240 hi
1101 1181 1245 1240 horumce
1267 1183 1479 1259 descriptores.

250 1295 392 1339 nocr-
414 1279 499 1355 (Oct.
518 1281 560 1356 1).

300 1376 383 1454 Fidi
408 1379 446 1452 in
474 1377 669 1479 Capitolio

344 1500 423 1560 ,Fidi
448 1521 509 1560 non
534 1503 633 1561 minus
659 1511 739 1560 reete
761 1502 818 1560 dici
840 1519 930 1578 quam
946 1504 1018 1578 fidei
1038 1503 1126 1580 periti
1149 1521 1209 1562 non
1230 1505 1383 1580 ignorant3
1410 1505 1478 1563 vide
1500 1521 1578 1580 quae

353 1601 494 1660 adnotavi
516 1603 554 1660 ad
577 1603 618 1674 II,
634 1601 725 1661 5042.

250 1715 357 1760 sonan
378 1719 437 1762 ota.

301 1800 432 1900 Tigillo
461 1803 638 1900 soror(io>
665 1803 713 1876 ad
740 1803 942 1902 compitum
969 1803 1074 1877 Acili.

356 1923 471 1984 Similis
496 1934 569 1984 nota
594 1925 789 2002 hemerologii
811 1925 960 1984 Ostiensis
987 1927 1025 1983 ad
1050 1927 1177 1985 eundern
1199 1926 1277 1984 diem
1299 1941 1398 1986 motat
1414 1955 1421 1970 ·
1437 1942 1498 1988 son
1520 1945 1578 1986 non

353 2043 444 2082 ausus
473 2043 538 2084 snm
565 2026 687 2102 expiere
712 2045 766 2103 per
788 2045 891 2085 casum
914 2027 1050 2096 tertium;
1076 2027 1137 2088 ium
1158 2045 1230 2085 vero
1252 2027 1323 2086 fasti
1345 2027 1472 2088 Arvales
1495 2029 1580 2086 dubi-

353 2125 494 2184 tationem
526 2137 701 2186 exemerunt
727 2127 979 2205 ostenderuntque
1006 2137 1103 2186 aetate
1130 2138 1209 2186 certe
1235 2129 1400 2204 posteriore
1427 2139 1580 2204 tamqnam

354 2225 412 2302 ipsi
439 2227 536 2303 tigillo
563 2247 680 2288 sacrum
704 2229 836 2287 oblatum
862 2245 940 2288 esse.
990 2227 1162 2306 Compitum
1189 2229 1268 2287 Acili
1296 2230 1467 2289 nominatur
1495 2247 1581 2306 prae·

354 2335 436 2385 terea
457 2330 536 2403 apud
558 2349 647 2388 unum
660 2329 792 2388 Plinium
815 2329 857 2406 (h.
881 2350 909 2388 n.
933 2328 983 2402 29,
1003 2331 1029 2398 l,
1048 2329 1099 2387 lt:
1127 2329 1246 2389 Cassiae
1260 2330 1386 2390 Hemina
1480 2339 1582 2390 auctor

353 2439 394 2486 ast
409 2432 536 2506 primunr
557 2449 572 2488 e
593 2433 709 2489 medicis
730 2433 837 2490 uenisse
851 2431 971 2489 Romam
986 2430 1180 2506 Peloponneso
1196 2431 1412 2508 Arelapatbnm
1506 2449 1581 2490 anno

352 2529 430 2588 urbis
443 2529 574 2588 DXXX
580 2531 609 2589 V
623 2535 704 2607 eique
802 2532 949 2590 tabernam
970 2535 1000 2590 in
1020 2535 1140 2607 compito
1163 2531 1258 2589 Acilio
1279 2542 1400 2608 emptam
1421 2533 1455 2590 ob
1476 2533 1508 2589 id
1524 2549 1580 2607 pu·

353 2629 447 2706 dlice).
496 2629 599 2707 Ipsum
630 2632 680 2689 ubi
707 2631 811 2703 inerit,
841 2633 1028 2709 ignoramus,
1059 2633 1186 2708 tigillum
1215 2633 1361 2692 sororium
1391 2651 1486 2708 prope
1512 2649 1579 2690 enm

352 2730 450 2790 locum
481 2731 590 2804 inisse,
625 2733 675 2791 nbi
702 2743 809 2808 postca
833 2733 942 2792 iactum
972 2741 1020 2792 est
1047 2733 1299 2808 amphitheatrum
1327 2731 1476 2804 Flavium,
1504 2731 1579 2790 satis

352 2841 470 2891 constat
490 2832 540 2908 (ci.
563 2833 680 2892 Jordan
702 2841 819 2912 topogr.
842 2834 933 2900 Rom.
953 2833 982 2906 2,
1001 2834 1068 2892 100.
1085 2833 1169 2908 587).

247 2948 281 2990 ιν
304 2946 373 2990 noa
389 2963 396 2977 ·
413 2947 499 2993 ocr·
523 2934 606 3009 (Oct.
624 2935 667 3011 4).
929 2941 932 2946 '

352 3033 459 3092 Litora
480 3044 526 3093 est
547 3035 578 3094 in
600 3037 688 3094 fastis
710 3035 850 3094 versiculi
871 3035 968 3094 nnius.

247 3149 319 3193 uon
335 3164 342 3178 ·
358 3149 442 3194 ocr·
466 3135 549 3210 (Oet.
568 3137 611 3211 t).

299 3237 379 3344 Ioni
403 3235 553 3336 fulguri,
582 3235 746 3335 [l]unoni
772 3235 901 3309 curriti
927 3235 963 3309 in
992 3261 1137 3335 eampo.

353 3357 477 3419 Sacrum
499 3366 602 3418 notum
624 3357 743 3434 quidem
759 3377 797 3415 ex
814 3357 1017 3430 Ostiensibus,
1040 3358 1093 3416 sed
1109 3359 1206 3416 adbuc
1221 3377 1279 3416 non
1295 3359 1370 3418 sutis
1386 3357 1578 3417 intellectum.

352 3458 431 3518 Nam
454 3479 520 3518 eum
543 3460 583 3518 ibi
607 3459 750 3536 scriptum
774 3469 854 3518 esset
875 3475 939 3518 ιονι
959 3475 1036 3517 rvco
1059 3473 1172 3517 rvnoru
1195 3474 1272 3530 oue
1295 3475 1387 3532 cans,
1416 3459 1493 3518 solvi
1517 3461 1581 3518 Ioni

354 3562 528 3637 teulpttrutori
549 3563 709 3636 Iunonique
736 3563 766 3617 in
787 3577 902 3635 campo,
930 3559 962 3618 in
983 3578 1018 3617 eo
1041 3560 1130 3618 venia
1151 3560 1259 3638 dignus
1282 3560 1363 3636 quod
1386 3560 1580 3619 vetustiorem
1610 3527 1617 3663 l

352 3661 477 3720 sormam
504 3662 586 3720 iovis
612 3661 740 3738 fulguris
766 3671 914 3719 servatam
935 3659 1016 3738 apud
1037 3661 1161 3720 Festum
1187 3660 1229 3736 (v.
1252 3679 1431 3738 provorsum
1456 3679 1486 3737 p.
1503 3659 1578 3735 239)
1611 3680 1616 3731 2

352 3763 615 3838 confirmatamque
643 3763 730 3820 titulo
747 3761 912 3820 Viennensi
940 3761 1083 3838 (Henzcn
1104 3761 1201 3820 estez
1227 3763 1292 3820 lovi
1312 3763 1430 3838 Jiaipari
1443 3763 1578 3839 fulmini)
1609 3748 1615 3849 ξ

352 3865 510 3924 recentiori
539 3873 571 3922 et
593 3863 741 3922 usitatiori
763 3863 938 3937 posthnbni3
965 3881 1145 3939 quamquam
1166 3863 1270 3920 Iovem
1292 3862 1392 3939 fulgur
1417 3865 1477 3922 iam
1499 3871 1579 3922 reete
1609 3852 1617 3964 'p

352 3981 565 4042 componemus
592 3983 658 4022 cum
685 3963 758 4024 Iove
784 3962 946 4021 Libertate.
991 3961 1050 4023 Sed
1078 3963 1170 4040 pudet
1195 3979 1241 4019 me
1267 3963 1394 4039 copulae
1420 3981 1474 4038 que
1500 3963 1578 4020 male

351 4067 482 4126 intrusae
507 4067 628 4124 omnino
650 4065 765 4123 alienae
787 4085 806 4124 a
825 4065 928 4136 fastis,
957 4063 1010 4140 qni
1036 4065 1113 4122 daos
1135 4063 1276 4140 pluresve
1304 4064 1376 4122 deos
1403 4063 1579 4138 pleramque

352 4177 534 4244 componant
560 4159 721 4224 ἀτυνδέτωο
747 4185 818 4224 raro
845 4167 960 4226 inserta
985 4166 1094 4242 copula
1121 4173 1162 4237 at,
1193 4182 1356 4240 numquam
1385 4181 1455 4222 vcro
1485 4163 1580 4221 altera

353 4287 415 4344 qus.
451 4270 514 4328 lam
540 4267 702 4328 Henzenus
723 4267 875 4327 revocarit
893 4286 994 4325 veram
1016 4265 1246 4344 explicationem
1269 4283 1347 4341 quae
1369 4272 1417 4324 est
1437 4264 1501 4323 Ioci
1514 4264 1579 4339 sacl-

349 4369 456 4446 9(ari),
478 4371 584 4428 Iunoni
604 4370 734 4445 q(ar'riti)
756 4373 787 4427 in
808 4368 946 4444 camp(o).
990 4367 1040 4426 Ex
1062 4367 1179 4426 duabus
1201 4366 1307 4426 formis
1328 4369 1446 4425 curritis
1468 4377 1495 4425 et
1515 4369 1578 4442 qai-

350 4475 426 4542 ritia‚
453 4479 595 4548 qnantum
622 4471 660 4529 ad
681 4471 775 4530 fastos
798 4470 917 4542 attinet,
946 4469 1028 4546 poris
1051 4469 1112 4530 sere
1135 4467 1320 4528 auctoritatis
1346 4469 1441 4532 altera
1462 4470 1576 4544 quiritis

350 4579 380 4630 et
406 4573 436 4630 in
463 4573 532 4630 aliia
558 4573 623 4630 eius
645 4572 718 4630 deae
739 4571 835 4630 titulis
857 4570 933 4628 redit
960 4569 1007 4644 (nt
1030 4569 1123 4628 Orell.
1142 4569 1235 4646 1304)
1258 4579 1288 4628 ct
1308 4577 1463 4645 praeterea
1484 4570 1579 4628 notis·

352 4675 429 4732 sima
453 4682 515 4745 est3
548 4673 644 4732 altera
669 4681 769 4731 antem
796 4675 910 4730 curritis
937 4689 1015 4728 nunc
1039 4671 1158 4728 dentum
1185 4657 1259 4728 satis
1287 4671 1448 4729 stabilitur.
1497 4668 1577 4728 Nam
1608 4654 1613 4719 Ῐ

351 4793 391 4833 ex
421 4775 539 4834 duobus
570 4775 679 4846 titulis,
711 4774 741 4832 in
775 4773 885 4848 quibus
918 4772 988 4830 item
1021 4771 1119 4842 adest,
1152 4771 1229 4832 alter
1256 4772 1367 4830 fractus
1394 4778 1442 4829 est
1469 4769 1579 4846 (Orell.

353 4877 448 4936 5659:
471 4877 537 4934 lun.
560 4877 668 4952 αι...)
692 4876 723 4934 in
743 4875 837 4932 altero
860 4871 972 4950 (Orell.
991 4873 1085 4950 1303)
1108 4870 1256 4949 Cyriacus
1277 4873 1407 4948 quidem,
1428 4872 1479 4948 qui
1501 4888 1579 4930 unus
1605 4868 1609 4877 '

350 4977 519 5054 descripsit,
541 4978 699 5038 lectionem
722 4995 822 5035 veram
845 4975 976 5046 exhibet,
999 4975 1053 5033 sed
1075 4984 1272 5052 corruperunt
1292 4975 1494 5049 exscriptores
1517 4971 1605 5063 ‘dit

352 5089 499 5155 torosque.
537 5079 666 5138 Videant
687 5078 778 5156 igitur
800 5077 1034 5154 grammatistne,
1056 5076 1207 5152 quomodo
1228 5077 1340 5156 iactum
1359 5075 1407 5144 sit,
1429 5083 1463 5132 ut
1477 5076 1578 5148 quiris,
1603 5070 1608 5121 ³·

350 5199 430 5257 quae
455 5182 553 5240 forma
578 5189 625 5239 est
651 5181 716 5239 sine
742 5179 833 5238 dubio
855 5178 1020 5256 primitiva,
1048 5177 1155 5237 abierit
1179 5177 1210 5235 in
1237 5176 1268 5236 id
1295 5175 1377 5254 quod
1405 5181 1452 5234 eat
1473 5176 1576 5234 carris.
1609 5208 1614 5235 t
