3858 5960
359 525 432 624 140
927 566 1107 621 normam

355 742 557 818 inopportuno
577 740 696 799 silentio
713 739 850 798 laterculi
871 739 902 796 in
924 739 1137 798 commentario
1157 749 1270 798 mens.
1306 739 1407 814 Quare
1427 760 1494 800 cum
1518 743 1593 802 satis
1610 763 1680 804 con-

356 851 436 902 stare
457 841 590 900 rideatur
612 840 739 899 Bassum
761 860 845 912 eum,
870 840 924 916 qui
945 839 1043 898 fasces
1065 841 1161 915 gessit
1184 841 1290 898 iterum
1312 861 1340 900 a.
1356 840 1427 914 ttl,
1455 851 1545 902 antea
1565 841 1681 922 ἐπανορ-

355 937 454 1011 θωτὴν
479 932 575 1010 aciem
593 933 734 1007 Ἰταὶαίις,
758 941 789 998 id
815 948 860 998 est
886 941 977 999 totius
999 940 1106 999 ltaliae
1131 950 1328 1000 correctorem
1352 942 1462 1015 fuisse,
1491 943 1595 1002 endem
1618 945 1681 1004 aine

355 1044 446 1104 dubio
471 1061 607 1114 munere,
634 1043 698 1100 sive
718 1041 986 1100 extraordinarium
1007 1041 1038 1100 id
1060 1059 1096 1099 eo
1117 1048 1252 1117 tempore
1273 1043 1329 1102 init
1349 1043 1412 1102 sive
1433 1045 1598 1121 legitimum
1620 1045 1680 1102 iam

355 1153 386 1202 et
414 1144 575 1214 sollemne,
606 1143 676 1200 item
703 1143 867 1218 imperante
896 1140 1054 1201 Caracalla
1082 1141 1212 1203 Sabinus
1239 1143 1360 1202 iunctus
1388 1150 1442 1204 est
1491 1146 1616 1204 Accedit
1642 1144 1681 1202 ad

355 1245 411 1303 hos
438 1245 513 1302 duos
539 1242 658 1312 titulos,
686 1261 763 1318 quae
788 1243 918 1319 scriptor
939 1243 1066 1302 vitarum
1091 1242 1214 1318 triginta
1237 1251 1434 1320 tyrannorum
1454 1263 1480 1304 c.
1500 1247 1537 1303 14
1563 1246 1601 1303 de
1623 1243 1681 1304 Te·

355 1346 429 1403 trico
457 1351 559 1402 namet
579 1363 646 1402 eum
668 1343 706 1401 ab
727 1343 900 1402 Aureliano.
912 1345 1071 1420 postquam
1093 1343 1227 1403 devictus
1248 1354 1330 1404 esset
1349 1345 1461 1404 factum
1482 1363 1549 1405 esse
1571 1363 1681 1404 correc-

355 1454 441 1504 torem
466 1447 552 1504 totius
578 1445 700 1516 italiae,
726 1446 759 1502 id
782 1453 824 1502 est
845 1443 1020 1519 Campaniae
1046 1443 1160 1504 Samnii
1184 1443 1336 1504 Lucaniae
1355 1445 1534 1506 Bruttiorum
1555 1446 1682 1522 Apuliae

355 1545 508 1606 Calabriae
533 1544 674 1603 Etruriae
699 1552 784 1620 atque
810 1542 943 1603 Umbriae
969 1543 1068 1603 Picenti
1092 1555 1118 1604 et
1139 1545 1306 1605 Flaminiae
1331 1550 1476 1622 omniaque
1503 1549 1681 1605 annonariae

353 1650 487 1723 reqionis.
524 1643 609 1718 Quae
630 1645 761 1703 namatio
783 1645 914 1703 auctoris
937 1663 1010 1704 sane
1030 1645 1108 1704 levis
1130 1645 1227 1704 adhuc
1241 1646 1352 1705 reiecta
1365 1654 1412 1706 est
1425 1657 1586 1723 propterea
1599 1647 1681 1722 quod

354 1755 385 1806 et
409 1747 510 1822 plures
537 1753 567 1804 et
592 1747 731 1805 meliores
753 1746 913 1822 scriptores
923 1745 954 1822 ¹)
980 1765 996 1804 e
1018 1748 1168 1805 conmario
1190 1755 1329 1806 asserunt
1350 1745 1502 1806 Tetricum
1523 1748 1562 1806 ab
1584 1749 1681 1806 Aure·

354 1848 436 1906 liano
458 1855 655 1906 correctorem
677 1846 786 1905 iactum
808 1863 876 1904 case
896 1845 1049 1905 Lucaniae
1070 1857 1100 1905 ct
1119 1847 1201 1922 quod
1222 1855 1373 1907 corrector
1393 1848 1501 1907 Italiae
1522 1850 1679 1908 universae

353 1967 460 2007 munus
487 1956 552 2006 erat
575 1947 741 2006 inauditum
769 1956 831 2005 tum
858 1955 888 2005 et
913 1956 1067 2023 practerea
1093 1947 1183 2024 plane
1208 1949 1352 2024 ignotum.
1394 1949 1459 2007 Iam
1487 1960 1554 2024 post
1575 1947 1680 2008 Sabini

353 2049 502 2125 Bessique
524 2048 629 2106 titulos
653 2055 788 2124 repertos
810 2046 906 2123 magis
927 2047 1082 2123 probabile
1102 2056 1150 2106 est
1171 2057 1371 2108 correcturum
1392 2050 1478 2108 initio
1499 2050 1679 2128 pertinuisse

354 2152 391 2210 ad
413 2151 531 2208 italiam
558 2150 744 2220 universam,
770 2154 875 2224 postea
900 2147 1018 2206 demum
1046 2147 1142 2207 divisa
1163 2149 1253 2208 italia
1278 2151 1408 2226 partium
1428 2161 1614 2210 correcturas
1634 2151 1679 2210 in-

354 2254 476 2311 stitutas
501 2268 581 2323 esse,
606 2249 676 2308 illos
698 2257 796 2307 autem
818 2248 980 2324 scriptores
1002 2249 1050 2307 vel
1071 2248 1171 2325 potius
1193 2268 1297 2308 eorum
1318 2257 1471 2310 auctorem
1493 2269 1678 2310 communem

352 2353 490 2412 instituto
522 2369 594 2410 suae
625 2351 731 2408 aetatis
763 2349 918 2425 deceptum
950 2367 1005 2425 pro
1037 2356 1209 2408 comestura
1236 2349 1344 2409 Italiae
1378 2352 1470 2411 moins
1502 2353 1580 2411 male
1609 2353 1677 2412 sub

353 2454 488 2513 stituisse
519 2451 651 2528 regionis
681 2449 845 2509 cuiusdam.
894 2450 931 2508 In
962 2450 1066 2527 paucis
1098 2451 1283 2510 documentis
1312 2469 1389 2528 quae
1418 2452 1562 2512 habemus
1588 2453 1677 2530 perti·

352 2555 490 2614 uentibus
521 2553 560 2611 ad
587 2559 723 2628 tempora
748 2550 846 2611 Taciti
878 2557 908 2608 et
935 2550 1029 2609 Probi
1057 2559 1239 2610 correctores
1268 2551 1365 2612 adhuc
1392 2553 1468 2612 nulli
1495 2563 1677 2630 comparent

351 2656 522 2733 imperante
550 2651 629 2712 Caro
657 2652 709 2728 qui
735 2651 905 2711 nominatur
932 2649 1011 2728 apud
1033 2649 1186 2710 Victorem
1215 2649 1322 2728 (Caes.
1345 2653 1400 2726 39,
1425 2653 1472 2712 10.
1497 2656 1554 2730 11)
1584 2654 1677 2713 Iulia-

351 2774 408 2816 nus
429 2757 544 2816 Venetos
573 2763 733 2814 correctura
759 2770 846 2828 opens
871 2761 902 2810 et
918 2752 994 2832 'ipse
1020 2759 1178 2829 suspectus
1204 2761 1264 2823 est3
1292 2755 1375 2812 venit
1401 2755 1479 2813 enim
1505 2756 1543 2812 ab
1570 2754 1675 2812 eodem

351 2866 486 2928 auctore,
518 2874 607 2931 quem
635 2853 756 2911 Tetrico
787 2870 843 2928 pro
874 2851 967 2911 totius
997 2852 1104 2911 Italiae
1135 2862 1336 2913 correcturum
1364 2853 1515 2914 Lucaniae
1547 2855 1676 2914 vidimus

351 2959 503 3018 tribuisse.
546 2953 714 3015 Contra'in
741 2953 852 3024 titulis,
877 2953 929 3028 qui
954 2953 993 3011 ad
1019 2954 1096 3012 hanc
1122 2961 1249 3012 aemtem
1270 2956 1420 3031 pertinere
1441 2956 1587 3028 videntur,
1609 2975 1676 3015 cum

350 3068 492 3120 comeotor
511 3056 619 3114 Italiae
639 3049 856 3129 inveniatur2),
878 3055 917 3113 ad
937 3074 965 3112 a.
988 3072 1084 3130 usque
1100 3052 1159 3113 282
1182 3055 1323 3115 universa
1343 3057 1434 3115 Italia
1454 3057 1510 3116 sub
1532 3075 1589 3116 uno
1612 3074 1675 3114 cor·

350 3169 465 3220 rectore
492 3157 612 3216 mansit.
658 3155 797 3232 Denique
822 3155 911 3214 etiam
939 3155 995 3212 sub
1016 3153 1208 3215 Diocletiano
1234 3165 1264 3214 et
1284 3157 1468 3216 Maximiano
1494 3167 1676 3216 correctores

350 3259 457 3319 Italiac
481 3257 673 3316 inveniuntur
701 3273 768 3314 cum
794 3254 826 3312 in
853 3255 998 3332 rescripto
1021 3275 1048 3314 a.
1063 3255 1164 3332 290⁸)
1190 3263 1254 3314 tum
1275 3259 1307 3316 in
1327 3258 1414 3316 titulo
1436 3257 1584 3317 Patauino
1605 3258 1675 3316 anni

286 3395 290 3402 ·
350 3357 503 3435 inseruit).
540 3355 659 3431 Quibus
680 3356 811 3416 fortasse
830 3356 991 3432 adiungere
1012 3355 1113 3414 licebit
1134 3366 1317 3428 correctorem
1337 3363 1485 3435 utriusque
1502 3360 1609 3419 Italiae
1630 3361 1675 3418 in·

350 3554 450 3604 narium
474 3553 644 3612 iteraverunt,
668 3551 754 3600 nullus
779 3563 807 3600 se
831 3549 924 3600 obtulit
949 3549 983 3599 ad
1010 3549 1037 3600 id
1063 3550 1133 3614 quod
1155 3551 1294 3615 requiritur
1317 3551 1379 3601 satis
1402 3557 1489 3616 aptus,
1519 3567 1577 3601 cum
1600 3565 1674 3616 prae·

349 3644 438 3694 sertim
456 3655 521 3706 quae
539 3642 567 3691 in
585 3641 661 3690 titulo
679 3642 798 3704 leguntur
815 3655 930 3703 munera,
950 3641 1064 3691 maxime
1081 3642 1232 3692 correctoria
1245 3641 1338 3693 ltaliae
1350 3643 1436 3704 totius,
1455 3658 1508 3693 non
1521 3643 1675 3694 conveniant

349 3734 400 3785 nisi
418 3734 496 3784 aetati
513 3732 678 3782 Diocletiano
697 3731 829 3782 anteriori.

427 3823 450 3886 ¹)
477 3824 570 3874 Victor
588 3823 663 3874 Caes.
683 3823 726 3885 35,
741 3823 766 3873 5.
792 3823 900 3886 Eutrop.
920 3822 1004 3884 s,13.
1037 3823 1100 3874 Vita
1118 3823 1256 3874 Aureliani
1274 3839 1296 3874 c.
1311 3825 1355 3875 39.

425 3913 449 3977 ²)
478 3915 553 3968 Grai
567 3915 658 3978 asab
678 3913 721 3976 (cf.
741 3929 848 3964 memor.
868 3913 927 3963 inst.
947 3915 972 3975 2,
987 3913 1067 3976 303)=
1093 3946 1151 3965 ....
1169 3913 1407 3982 reliqiostssimoque
1429 3910 1456 3965 0.
1479 3911 1579 3964 Ceionio
1598 3912 1672 3980 Rufio

353 4005 489 4059 Volusiano
508 4023 532 4056 o.
552 4022 588 4067 o.‚
612 4021 679 4056 corr.
699 4003 794 4056 Italiae
811 4019 861 4072 per
885 4020 965 4056 annos
983 4011 1051 4066 octo,
1071 4005 1222 4072 mosanarii
1240 4005 1358 4070 Africae,
1379 4006 1464 4057 comiti
1480 4003 1575 4055 domini
1591 4005 1674 4054 nostri

351 4098 510 4150 Constantini
527 4132 584 4160 ...,
604 4096 734 4164 praesecto
753 4094 812 4146 urbi
834 4095 869 4156 (a.
884 4097 959 4158 310),
983 4095 1065 4146 iudici
1081 4112 1212 4147 sacrarum
1229 4097 1408 4163 caprimontem,
1435 4095 1533 4147 consuli
1550 4095 1585 4157 (a.
1599 4094 1672 4156 311).

348 4192 489 4241 Dedicatns
513 4195 551 4239 est
576 4189 665 4238 titulus
687 4195 824 4252 antequam
846 4187 1033 4251 praefecturam
1057 4187 1127 4237 urbis
1148 4189 1251 4238 iteravit
1269 4203 1293 4237 a.
1308 4188 1361 4238 313
1381 4195 1407 4238 ct
1424 4189 1584 4238 consulatum
1603 4186 1671 4236 ordi-

348 4283 449 4331 narium
467 4278 567 4343 accepit
584 4294 608 4328 a.
622 4273 684 4329 314.
723 4279 891 4328 Correcturae
914 4284 1013 4342 tempus
1038 4278 1127 4328 defluit
1150 4279 1238 4328 titulus
1259 4279 1324 4328 altar
1341 4278 1500 4328 Puteolanus
1517 4279 1539 4328 Ι.
1552 4277 1586 4328 Ν.
1601 4277 1670 4327 2497

349 4389 383 4412 =
396 4373 504 4421 Henzen
518 4370 600 4420 6481:
618 4368 761 4433 fortissimo
785 4375 809 4418 et
821 4369 939 4434 piissimo
952 4369 1070 4436 principi
1086 4385 1131 4419 suo
1150 4367 1188 4418 M.
1209 4368 1314 4418 Aurelio
1336 4365 1429 4418 Carino
1448 4367 1537 4435 Rufius
1554 4365 1670 4418 Volusta-

348 4477 395 4510 nus
413 4477 437 4510 c.
456 4476 491 4520 o.‚
514 4473 596 4509 eonem
614 4457 709 4509 iudicio
728 4457 895 4520 temnamus,
915 4460 1003 4510 iterum
1021 4466 1158 4522 corrector3
1182 4473 1243 4510 nam
1263 4459 1378 4509 eiusdem
1397 4460 1445 4508 viri
1464 4466 1598 4524 utrumqne
1616 4473 1672 4508 esse

348 4549 487 4602 admodum
505 4548 637 4614 probabile
652 4550 697 4600 cst.
729 4549 821 4601 Obstat
839 4551 929 4601 tertius
947 4551 1035 4601 titulus
1053 4553 1075 4602 Ι.
1087 4551 1121 4602 N.
1136 4551 1221 4602 6328:
1240 4549 1325 4616 Rapio
1344 4538 1480 4601 Volusiano
1499 4567 1522 4600 a.
1538 4565 1560 4600 c.
1574 4563 1670 4600 correc-

348 4641 400 4693 tori
420 4637 583 4707 Oampaniae;
604 4647 631 4689 at
648 4640 690 4690 hic
709 4641 742 4691 da
759 4641 957 4706 interpolatione
975 4643 1016 4692 vel
1035 4642 1147 4692 maxime
1165 4649 1298 4706 suspectus
1316 4647 1355 4691 est
1372 4655 1420 4691 nac
1438 4655 1493 4690 rem
1510 4639 1616 4690 decidit.

424 4727 449 4793 Ι)
477 4731 589 4781 C.1ust.
610 4731 635 4791 7,
650 4731 729 4793 35,3
753 4732 876 4798 inscripta
897 4729 1017 4783 Numidia
1043 4732 1181 4784 causatori
1197 4729 1301 4783 Italiae.
1339 4731 1416 4793 Quod
1438 4731 1500 4781 olim
1523 4730 1672 4782 tenebamus

347 4823 452 4874 Italiam
471 4822 513 4872 hic
531 4820 706 4886 accipiendam
725 4837 780 4872 esse
799 4837 830 4872 ea
847 4823 1044 4888 significatione,
1064 4837 1129 4888 quae
1148 4829 1239 4888 quarto
1258 4823 1361 4874 saeculo
1380 4823 1515 4888 aliquoties
1531 4821 1671 4883 invenitur,
1701 4846 1705 4856 ·

348 4927 440 4978 nempe
462 4913 495 4963 de
515 4912 572 4963 sols
590 4911 703 4964 dioecesi
722 4913 811 4964 vicarii
829 4913 932 4976 Italiae,
952 4921 1011 4980 post
1028 4921 1156 4979 repartum
1175 4914 1276 4965 titulum
1293 4913 1370 4965 Bassi
1388 4919 1414 4965 st
1432 4915 1562 4980 expletum
1581 4912 1672 4967 Sabini

349 5005 393 5054 rix
411 5005 460 5053 erit
477 5005 521 5068 qui
539 5003 668 5054 defendat.

424 5091 449 5154 ⁴)
476 5094 516 5155 V‚-
525 5095 595 5145 2817
610 5112 643 5135 =
663 5092 737 5144 Grut.
751 5095 812 5156 279,
826 5095 857 5146 4:
884 5093 979 5144 Paetus
995 5090 1143 5145 Honoratus
1163 5112 1187 5144 o.
1208 5093 1253 5160 [a]
1273 5101 1401 5146 corrector
1418 5091 1545 5159 Italiae}
1582 5092 1671 5144 Imotio

349 5183 433 5234 minus
452 5189 521 5236 certa
539 5191 578 5235 est
595 5184 702 5251 tleriqus
721 5189 813 5250 potest,
833 5190 861 5234 ut
879 5191 937 5250 post
957 5189 1033 5233 lTALl
1045 5217 1053 5234 .
1065 5215 1094 5234 ..
1117 5187 1203 5252 plures
1221 5185 1321 5239 litteras
1340 5185 1434 5238 desint.
