3858 5960
656 574 705 626 on
723 572 935 627 remunero
952 573 1181 628 essenorum.
1533 555 1581 626 89

253 757 419 808 castrorum
438 746 629 824 reperiantur
649 745 717 820 ulli,
739 763 794 804 nec
814 754 883 804 ante
903 745 1031 806 alterum
1056 745 1265 822 imperatorem
1287 761 1343 804 nec
1363 753 1434 820 post
1456 747 1583 806 alterum
1609 739 1625 768 ⁹

254 867 309 918 eos
329 849 361 907 in
382 847 516 907 exercitu
538 845 677 905 extitisse
698 845 934 906 concludendum
956 845 1053 922 est1).

339 946 430 1022 Quod
459 947 575 1006 adtinet
605 945 644 1004 ad
679 945 852 1023 dignitatem
885 947 1017 1006 muneris
1049 945 1242 1021 ordinemque
1273 962 1362 1021 quem
1395 946 1510 1008 obtinet
1537 949 1583 1010 in·

255 1059 301 1108 ter
326 1050 456 1108 honores
483 1047 646 1119 militares,
673 1046 802 1122 primum
831 1045 1124 1106 animadvertendum
1150 1053 1197 1104 est
1223 1063 1378 1121 nunquam
1402 1055 1473 1124 post
1497 1067 1584 1126 prae·

256 1150 400 1208 fecturam
426 1157 592 1208 cmtrorum
620 1147 731 1224 suscipi
758 1147 849 1206 aliam
872 1147 1008 1206 militiam
1030 1154 1213 1224 equestrem,
1242 1152 1277 1204 ιιι
1295 1147 1514 1224 praefecturam
1535 1167 1585 1209 co·

256 1249 370 1320 hortis,
398 1249 582 1308 tribunatum
609 1246 754 1319 militum,
782 1246 999 1325 praefecturam
1026 1247 1108 1318 alae,
1136 1263 1204 1305 cum
1231 1252 1301 1306 aute
1328 1265 1394 1308 eam
1415 1249 1586 1311 tribunatus

256 1349 383 1408 militnm
400 1349 521 1426 saepius
537 1349 578 1425 [ιι.
595 1349 624 1409 7.
640 1349 658 1408 8
672 1348 757 1425 (bis).
774 1349 803 1408 9.
822 1346 859 1406 12
872 1347 957 1424 (bis).
975 1349 1012 1407 13
1029 1347 1114 1424 (bis).
1130 1345 1185 1418 223
1207 1348 1337 1408 fortasse
1351 1349 1441 1408 etiam
1459 1351 1585 1428 l(ter)]‚

258 1449 351 1508 semel
372 1450 561 1525 praefectura
580 1449 671 1510 etiam
692 1448 826 1525 equitum
848 1448 892 1525 (ιι.
908 1448 942 1525 8)
963 1455 1050 1524 gesta
1071 1448 1121 1507 sit.
1157 1447 1227 1508 Uno
1248 1457 1346 1507 autem
1365 1450 1455 1508 Arrio
1472 1449 1585 1512 Salano

257 1549 301 1625 (n.
318 1549 351 1625 8)
379 1556 523 1627 excepto,
552 1549 600 1609 cni
626 1549 758 1609 fortasse
784 1548 895 1608 addere
919 1557 1005 1626 potes
1026 1548 1169 1608 Alfenum
1184 1547 1299 1608 Varum
1321 1548 1364 1624 (ιι.
1383 1550 1452 1626 17),
1479 1571 1586 1612 omnes

256 1668 333 1726 quoa
358 1651 496 1709 novimus
524 1649 668 1726 praefecti
695 1657 784 1708 antea
806 1649 928 1709 ordines
949 1649 1075 1709 duxisse
1096 1648 1241 1708 videntur.
1284 1648 1352 1708 Hoc
1373 1650 1411 1708 de
1431 1659 1586 1726 quattuor·

257 1749 351 1808 decim
373 1748 418 1826 (ιι.
434 1751 462 1808 6.
486 1750 514 1808 7.
538 1750 567 1810 9.
592 1751 639 1810 10.
664 1752 712 1809 11.
738 1750 786 1809 12.
811 1751 858 1810 13.
884 1751 931 1808 14.
954 1747 1005 1808 22.
1028 1749 1078 1809 25.
1101 1749 1150 1808 32.
1174 1749 1224 1808 33.
1248 1749 1297 1809 34.
1320 1749 1375 1826 38)
1397 1760 1524 1826 constat,
1548 1753 1586 1814 de

258 1850 381 1927 refrquia
402 1850 563 1928 quominus
576 1849 660 1926 idem
676 1867 840 1922 sumamus,
861 1849 935 1910 nihil
950 1850 1103 1928 prohibet,
1125 1867 1228 1910 omnes
1243 1858 1343 1909 autem
1358 1869 1505 1912 summum
1518 1871 1586 1914 cen·

258 1951 441 2010 turionatnm
462 1951 481 2009 i.
497 1970 523 2010 e.
544 1951 759 2030 primipilatum
782 1950 989 2029 gesserunt2).
1031 1950 1082 2010 Ex
1103 1950 1170 2026 ipso
1191 1949 1397 2027 primipilatu‚
1418 1971 1473 2012 nec
1493 1954 1587 2014 tribu·

257 2059 330 2110 natu
359 2071 414 2111 nec
440 2052 502 2111 alio
530 2071 651 2111 munere
677 2053 846 2125 interiecto,
878 2051 918 2110 ad
945 2051 1162 2129 praefecturam
1190 2059 1357 2110 castrorum
1385 2065 1588 2128 pervenerunt

257 2172 286 2210 ιι.
311 2151 359 2210 10.
384 2153 431 2212 11.
460 2151 510 2212 25.
538 2151 588 2212 32.
611 2152 661 2211 33.
685 2154 734 2212 34.
756 2153 806 2212 33.
849 2153 984 2229 Apparet
1008 2152 1102 2228 igitur
1128 2151 1275 2229 primum,
1303 2147 1413 2212 munus
1440 2155 1497 2212 hoc
1525 2175 1586 2216 non

256 2253 389 2329 gessisse
415 2253 539 2312 iuvenes
565 2252 820 2330 splendidioribus
846 2253 1019 2329 parentibus
1046 2259 1144 2325 ortos,
1171 2253 1224 2328 qui
1251 2252 1364 2312 tribuni
1389 2262 1420 2312 et
1443 2257 1587 2332 praefecti

258 2353 424 2412 cohortium
446 2353 621 2430 alarumque
642 2353 792 2431 stipendia
811 2353 909 2414 facere
930 2353 1078 2427 solebant,
1100 2353 1153 2412 sed
1174 2360 1290 2413 veteres
1311 2355 1502 2416 centuriones
1522 2357 1543 2416 i.
1559 2377 1586 2418 e.

257 2453 393 2513 homines
418 2453 542 2513 militiae
567 2453 750 2532 legionariae
776 2453 896 2530 penitus
922 2472 1033 2532 gnaros
1059 2455 1172 2531 quique
1197 2454 1257 2530 ipsi
1285 2453 1356 2512 olim
1382 2455 1504 2532 caligati
1534 2459 1586 2517 sti·

158 2597 163 2604 .
257 2553 368 2630 pendia
390 2554 549 2625 fecissent;
582 2561 616 2613 ut
642 2561 723 2614 recte
749 2555 787 2614 de
811 2555 963 2632 praefecto
990 2562 1158 2614 castrorum
1188 2553 1288 2613 tradat
1308 2553 1453 2630 vegetius
1474 2555 1508 2628 2,
1534 2557 1586 2617 1οι

257 2659 283 2714 ia
306 2664 376 2730 port
399 2655 513 2731 tongam
536 2655 743 2730 prcbmmnqua
768 2655 900 2714 mititiam
922 2647 1116 2731 peritissimus
1138 2657 1260 2713 omnium
1282 2654 1434 2730 epotata,
1463 2666 1496 2715 ut
1515 2665 1588 2716 recta

257 2756 371 2814 doceret
395 2755 471 2814 otior
497 2757 576 2831 quod
600 2758 662 2831 ipae
686 2772 748 2812 cum
770 2755 855 2814 leude
868 2756 997 2830 fecisset.
1040 2752 1159 2814 Deinde
1180 2753 1398 2830 praefecturam
1420 2763 1587 2817 castmrum

258 2856 336 2914 inter
363 2853 504 2914 militaria
529 2873 653 2914 munera
679 2853 890 2914 centurionicis
916 2855 1033 2913 maiora
1057 2861 1171 2912 certum
1196 2853 1297 2912 locum
1324 2871 1384 2912 non
1410 2855 1587 2932 obtinuisse,

258 2975 324 3016 cum
346 2956 435 3014 modo
455 2961 526 3032 post
547 2955 778 3032 primipilatum,
799 2953 888 3014 modo
909 2961 980 3032 post
999 2953 1197 3027 tribunatum,
1219 2953 1309 3012 medo
1330 2961 1402 3030 post
1421 2955 1588 3032 praefectu-

258 3075 321 3114 ram
348 3056 414 3115 alae
440 3055 632 3132 suscipiatur,
659 3055 805 3132 dignitate
830 3063 931 3114 autem
957 3055 1005 3114 his
1031 3063 1110 3114 certe
1136 3054 1281 3114 minorem
1309 3073 1370 3114 non
1394 3055 1488 3116 fuisse
1517 3075 1587 3136 cog·

251 3157 443 3232 ⁸noscitur2).

341 3255 494 3316 Nimirum
522 3255 668 3316 eiusmodi
695 3256 832 3318 homines
857 3256 952 3316 fortes
977 3255 1098 3333 quidem
1120 3264 1151 3316 et
1170 3255 1298 3334 peritos,
1326 3255 1379 3316 aed
1400 3257 1500 3317 minus
1521 3279 1587 3320 eru-

259 3357 337 3416 ditos
364 3355 502 3415 civilibus
530 3355 639 3415 officiis
666 3357 979 3433 administrationique
1005 3357 1050 3416 rei
1076 3356 1215 3434 publicae
1243 3374 1350 3434 parom
1379 3366 1468 3434 aptos
1495 3359 1589 3420 fuisse

259 3465 491 3516 consentaneum
512 3463 573 3526 est,
600 3474 697 3532 eaque
717 3457 823 3534 procul
844 3457 936 3517 dubio
957 3465 1003 3517 est
1023 3475 1127 3530 causa,
1154 3456 1236 3534 quod
1256 3457 1399 3534 praefecti
1421 3467 1588 3521 castrorum

257 3557 434 3633 plerumque
455 3555 585 3634 amplius
605 3575 667 3616 non
687 3565 911 3634 promoventur,
937 3557 991 3616 aad
1011 3577 1051 3616 ex
1072 3557 1181 3616 militia
1201 3557 1240 3617 ad
1261 3557 1409 3634 privatam
1428 3541 1528 3618 vitam
1542 3580 1588 3620 re·

260 3664 414 3718 vertuntur
434 3657 478 3732 (n.
494 3655 523 3715 8.
539 3656 569 3716 9.
586 3658 635 3716 11.
653 3655 701 3714 13.
718 3655 766 3716 25.
783 3657 865 3734 33)..
883 3656 1037 3716 Interdum
1057 3666 1165 3735 postea
1185 3659 1373 3734 praefectura
1388 3658 1506 3718 fabrum
1521 3660 1587 3719 fun·

259 3765 368 3834 guntur
389 3755 433 3832 (n.
449 3758 478 3816 i.
493 3755 522 3816 8.
541 3757 591 3816 11.
608 3756 672 3832 13),
696 3773 774 3816 unus
796 3754 869 3818 Sex.
891 3757 1040 3816 Aulieous
1062 3757 1106 3833 (ιι.
1123 3757 1158 3834 7)
1179 3759 1218 3816 ad
1238 3760 1458 3834 praefecturam
1478 3761 1588 3836 classis

337 4001 360 4062 ¹)
388 4001 547 4053 Οοιιιὶιιιιιιιο
570 4003 598 4053 ld
617 4003 737 4054 ridentur
758 4003 839 4053 verba
856 4001 964 4066 Ulpiani
987 4001 1049 4068 Dig.
1063 4003 1089 4064 3,
1107 4004 1131 4064 2,
1147 4003 1162 4051 2
1176 4016 1230 4066 pn:
1254 4001 1322 4067 quod
1342 4003 1381 4052 ait
1397 4009 1520 4070 practer.-
1536 3997 1590 4072 'que'

261 4089 294 4140 ud
312 4091 421 4142 marim
439 4091 558 4144 dimicans
575 4086 644 4144 crit'r
663 4092 790 4144 dimissum
809 4093 924 4160 occipere
942 4090 1057 4144 debemur
1074 4091 1177 4142 militem
1195 4089 1332 4157 religatum
1350 4092 1392 4143 ecl
1408 4094 1433 4142 ai
1450 4095 1507 4159 quia
1520 4095 1589 4146 aliae

260 4195 337 4247 neque
355 4181 391 4232 od
408 4185 572 4234 centur-mmm
590 4183 632 4234 rel
643 4183 800 4251 praesectum
817 4182 930 4236 codor-tis
946 4182 989 4234 uel
1005 4182 1064 4233 aloe
1082 4182 1124 4233 ecl
1141 4181 1256 4248 legionis,
1275 4181 1317 4232 ecl
1334 4179 1459 4232 tridmm
1477 4184 1530 4234 rice
1546 4201 1587 4235 cc-

260 4269 343 4322 terrm
359 4273 412 4322 rice
431 4273 539 4341 kqtoair
556 4272 674 4325 diradare
692 4282 737 4326 cat.
767 4275 836 4328 Nam
855 4275 877 4326 si
889 4275 998 4340 Ulpiani
1017 4281 1101 4325 aetate
1113 4272 1205 4323 tuimet
1217 4273 1322 4322 omnino
1335 4272 1479 4337 praefectus
1491 4283 1588 4327 metro-

260 4377 326 4424 rum,
345 4370 414 4414 certe
432 4378 491 4413 eum
509 4379 562 4415 non
580 4365 717 4418 omisisset.

337 4449 362 4514 ²)
390 4453 425 4504 N.
441 4455 474 4504 12
498 4455 604 4506 mutilus
628 4461 679 4518 est,
704 4455 737 4506 de
754 4455 812 4506 ιι.3
830 4461 856 4506 et
869 4455 905 4506 14
923 4454 1030 4506 Tacitus
1053 4453 1257 4505 centurlcnatum
1281 4459 1380 4504 tautum
1403 4461 1517 4519 testator,
1543 4459 1589 4509 sed

261 4543 301 4592 illl
325 4557 429 4608 quoque
451 4544 575 4610 primipill
599 4545 654 4596 sine
677 4546 757 4596 dubie
779 4545 891 4596 fuerunt.
928 4545 959 4596 0.
978 4544 1072 4596 Caesio
1092 4543 1209 4596 silvestri
1229 4541 1264 4604 (ιι.
1280 4543 1326 4605 25)
1349 4545 1406 4610 tpea
1428 4547 1590 4612 praefectura

261 4637 404 4683 castrorum
421 4633 450 4684 in
468 4648 546 4685 caum
563 4635 674 4686 fortem
691 4635 749 4698 fuit,
768 4651 822 4698 cur,
841 4641 977 4701 antequam
996 4649 1054 4685 eam
1066 4634 1215 4699 msciperet,
1235 4635 1380 4700 primipilus
1395 4637 1481 4701 fleret;
1501 4641 1589 4704 primi·

262 4721 342 4786 pilatu
364 4724 434 4774 enim
457 4725 611 4790 imaginario
635 4732 742 4776 ornatur
760 4725 860 4776 ridetur
882 4739 950 4787 arae,
975 4739 1034 4776 ιιιιιι
1058 4725 1081 4776 sl
1099 4739 1127 4775 re
1147 4739 1208 4775 vera
1224 4725 1335 4790 legionis
1353 4727 1461 4779 alicuine
1479 4731 1589 4794 primam

262 4813 404 4862 centuriam
428 4813 558 4878 duxisset,
583 4823 612 4866 nt
634 4817 662 4866 in
680 4815 785 4881 reliquis
804 4815 952 4867 muneribus
970 4815 1008 4866 ita
1026 4815 1053 4865 in
1073 4815 1230 4882 primipilatu
1249 4831 1351 4883 quoque
1368 4817 1477 4882 legionis
1495 4834 1590 4871 nomen

262 4901 414 4952 adiceretur.

337 4990 362 5054 ⁸)
390 4993 461 5044 Nota
479 4995 596 5046 ordinem
616 5010 717 5061 quoque
736 5009 787 5060 quo
806 5009 913 5046 munera
924 5001 1106 5046 enumerantur
1117 4997 1186 5061 apud
1199 4997 1318 5048 Tacitum
1331 4997 1391 5049 hist.
1406 4997 1431 5058 2,
1446 4997 1481 5048 39
1501 4997 1589 5064 (snpra

262 5097 287 5132 n.
298 5083 358 5144 43)ι
371 5083 495 5148 praefecti
508 5091 649 5136 metrorum
663 5113 697 5124 -
711 5086 806 5136 tribuni
821 5113 854 5125 ·-
869 5085 946 5151 primi
959 5087 1134 5149 centurionem
1148 5086 1276 5138 Velleinm
1287 5089 1312 5148 2,
1326 5087 1376 5138 112
1391 5085 1481 5153 (supra
1492 5103 1518 5140 ιι.
1530 5087 1589 5149 39)ι

261 5173 357 5224 rubeni
377 5173 487 5226 militum
507 5203 540 5214 -
561 5175 705 5242 praefectus
723 5183 866 5228 castrorum
885 5201 919 5214 -
939 5177 1062 5243 praefecti
1081 5177 1235 5230 cohortium.
