3858 5960
628 609 926 664 ossnnvnuonus
946 610 1063 662 seron.
1083 613 1133 662 111.
1497 591 1542 664 73

211 781 379 840 tenstenius
401 781 432 838 in
454 782 510 840 hnc
531 799 625 857 opera
646 799 664 838 a
685 781 765 838 mala
787 781 892 839 fraude
914 781 1107 852 abstinuisse,
1128 781 1258 841 sortasse
1281 783 1318 840 ab
1339 799 1376 841 ea
1396 783 1545 858 incipiens

211 889 244 940 et
271 899 433 958 progressu
461 883 627 941 studiorum
655 882 773 940 demum
802 882 839 940 ad
867 883 1003 941 fallacias
1030 881 1163 954 delatus,
1190 893 1223 941 ut
1248 883 1393 944 Octavius
1419 883 1546 944 Rossius

212 981 376 1042 Brixianus
397 983 450 1042 ille
472 983 588 1062 Ligorii
610 983 745 1042 aemulus
766 981 797 1042 in
818 983 857 1042 iis
879 1001 957 1060 quac
979 983 1109 1042 Grutero
1131 985 1271 1043 submisit
1291 987 1366 1043 satis
1388 985 1546 1044 honestum

213 1099 248 1142 se
269 1083 415 1154 exhibuit,
437 1083 579 1142 decennio
601 1093 671 1162 post
691 1085 757 1160 ipse
778 1083 889 1144 librum
909 1084 1001 1144 edens
1021 1095 1198 1162 nugatorum
1214 1087 1345 1144 omnium
1360 1085 1546 1146 levissimum

213 1193 245 1242 et
266 1185 487 1244 stultissimum.
868 1185 873 1196 '

299 1285 327 1344 5.
364 1284 469 1344 Ursini
490 1287 673 1345 collectanea
693 1305 761 1345 cum
782 1305 843 1346 uon
865 1283 1018 1362 extent¹)‚
1041 1304 1117 1363 quae
1139 1287 1166 1345 ei
1188 1295 1311 1364 accepta
1327 1285 1418 1346 refert
1433 1287 1547 1348 Guten-

214 1384 331 1444 stenius
353 1387 496 1463 pleraque
518 1387 556 1446 ad
578 1387 705 1446 schedas
721 1385 922 1448 Gutenstcuio
945 1387 1095 1446 exhibitas
1116 1388 1175 1444 iam
1197 1387 1277 1463 exigi
1294 1395 1451 1464 nequeunt
1486 1387 1546 1449 Sed

214 1495 263 1545 est
283 1487 361 1545 inter
381 1507 418 1546 ea
437 1487 555 1564 sylloge
578 1489 724 1565 quaedam
747 1495 865 1566 praeter
880 1487 1111 1548 Gutenatenium
1131 1489 1217 1547 nobis
1232 1499 1304 1546 nota
1325 1509 1379 1566 per
1393 1501 1546 1549 auctorem

214 1585 341 1646 alterum
368 1589 519 1647 hominem
544 1589 670 1665 probum
692 1588 852 1648 Nicolaum
874 1587 1076 1658 Florentium,
1105 1590 1157 1665 qui
1182 1597 1213 1647 ut
1234 1609 1299 1648 enm
1321 1589 1458 1666 syllogen
1481 1591 1545 1650 sive

214 1707 254 1746 ex
274 1689 343 1766 ipso
357 1687 463 1747 Ursini
484 1691 623 1766 exemplo
645 1691 708 1750 sive
730 1709 768 1750 ex
789 1689 915 1766 gemello
935 1689 1102 1766 descripsit,
1125 1691 1167 1748 ita
1182 1690 1321 1766 leguntur
1334 1692 1546 1767 inscriptiones

215 1807 276 1847 uon
297 1790 329 1848 in
350 1790 468 1849 schedis
490 1790 609 1867 quidem
632 1789 879 1850 Bruxellensibus
902 1791 1064 1862 Torrentii‚
1087 1809 1164 1866 quac
1185 1791 1330 1868 pleraque
1352 1791 1548 1852 Florentiana

216 1899 383 1961 servarunt,
405 1891 458 1949 sed
479 1891 680 1968 inLipsisnia
702 1892 800 1951 editis.
838 1889 963 1969 Sylloge
985 1910 1021 1950 ea
1042 1910 1108 1950 cum
1125 1891 1310 1968 Spoletinum
1332 1909 1363 1951 se
1383 1911 1449 1952 esse
1465 1891 1546 1966 velit,
1602 1957 1604 1964 ,

216 1987 386 2068 spalatina,
413 1991 444 2049 id
473 2001 519 2051 est
540 1990 717 2052 Salonitana
742 1993 830 2070 plura
856 1994 969 2068 recepit
994 2011 1083 2070 quam
1110 2011 1178 2051 vere
1202 1991 1328 2068 Spoletii
1355 1999 1488 2071 reperta,
1517 2002 1547 2054 et

216 2091 292 2150 alias
317 2109 436 2168 quoqne
462 2095 636 2169 perturbata
662 2105 709 2154 est
734 2103 764 2154 et
788 2103 942 2171 corrupta,
970 2113 989 2152 a
1013 2093 1120 2152 fraude
1147 2101 1247 2152 tamen
1269 2093 1377 2152 aliena.
1421 2095 1485 2154 lam
1507 2115 1547 2156 ex

215 2192 418 2252 Florentianis
439 2194 498 2254 illis
519 2195 591 2271 quid
611 2195 743 2256 effecerit
763 2194 894 2254 Ursinus
916 2205 1104 2271 personatus,
1126 2195 1317 2272 intellegetur
1339 2213 1378 2254 ex
1399 2197 1547 2274 exemplis

215 2311 294 2369 quae
315 2313 451 2373 apposui.

318 2477 423 2548 Lipsius
436 2498 466 2550 p.
480 2480 525 2534 36.
972 2479 1079 2533 Ursinus
1099 2483 1136 2542 (in
1155 2483 1249 2549 corrt'q.
1269 2478 1342 2532 eu.2
1362 2481 1456 2545 Orat).

475 2591 616 2643 Consentio
635 2593 741 2643 deorum
1124 2591 1264 2641 Consentio
1284 2593 1391 2642 deornm

459 2684 571 2734 Marian.
592 2687 755 2735 Asozomene
1060 2683 1193 2732 Marianus
1212 2683 1372 2734 sozomenus

512 2775 620 2839 imperio
640 2775 701 2826 iccit
1015 2775 1123 2838 imperio
1224 2787 1246 2822 e.
1267 2788 1301 2824 m.
1321 2788 1354 2822 cx
1373 2779 1434 2824 voto
1453 2773 1503 2824 ree.

326 2883 427 2933 Titulus
450 2883 534 2934 adhuc
558 2891 648 2934 extans
668 2885 768 2948 Spalati
792 2884 878 2948 ibique
899 2897 916 2932 a
940 2897 981 2932 ms
999 2883 1142 2946 descriptus
1161 2880 1221 2943 (ΠΙ,
1239 2881 1318 2943 19³5)
1338 2897 1354 2932 a
1372 2882 1462 2947 Lipsio
1481 2890 1549 2934 recta

325 2973 442 3036 refertur,
462 2975 512 3024 nisi
531 2975 601 3040 quod
620 2977 647 3026 in
665 2977 751 3041 lapids
771 2981 809 3025 est
826 2973 955 3025 Marcone
975 2971 1115 3024 Saramene.

318 3165 424 3237 Lipsius
439 3187 467 3238 p.
481 3167 525 3222 32.
563 3173 683 3237 Spoletii.
972 3169 1043 3221 Grut.
1059 3166 1138 3230 1008,
1152 3171 1167 3219 'i
1182 3189 1215 3210 =
1232 3165 1310 3230 1009,
1325 3165 1351 3220 2.
1383 3167 1490 3222 Ursinus
1498 3187 1548 3239 per

1027 3260 1216 3313 (interstandum.
1254 3261 1365 3326 Spoleti.

565 3373 685 3422 Lam
1180 3372 1301 3422 Lam

542 3461 573 3523 Q.
593 3463 708 3516 littonias
1152 3461 1184 3524 Q.
1202 3462 1333 3512 Varonius

537 3553 661 3604 Dodorus
679 3569 712 3604 ex
1169 3552 1320 3603 Philoeslus

545 3651 605 3694 voto
624 3646 710 3710 posuit
814 3649 821 3668 ¹
1163 3659 1186 3693 v.
1207 3659 1227 3693 s.
1247 3644 1265 3693 l.
1285 3659 1319 3694 ru.

537 3736 602 3785 libes
621 3737 713 3786 merito
1200 3736 1287 3798 posuit

523 3827 551 3876 iil
570 3827 628 3877 idus
646 3827 731 3877 Maias
1148 3826 1187 3874 v1
1206 3825 1242 3874 id.
1261 3825 1337 3874 Febr.

524 3918 687 3982 ..pruniaco
706 3925 732 3967 et
1144 3915 1301 3978 Aproniano
1316 3923 1342 3963 ct

539 4025 582 4074 pp.
601 4009 644 4060 du.
664 4025 716 4060 cos.
1125 4046 1126 4050 ,
1165 4005 1247 4069 Nigro
1267 4019 1320 4055 cos.

327 4119 455 4184 Exempla
479 4119 587 4169 meliora
611 4117 823 4181 (v.111‚19‹t⁵)
848 4131 923 4168 versu
947 4116 1038 4167 ultimo
1062 4115 1137 4177 dant,
1162 4113 1232 4180 quod
1255 4113 1332 4163 etiam
1355 4115 1550 4180 incorruptela

327 4211 494 4262 Florentiam}
512 4211 595 4260 ineam
613 4211 696 4276 quivis
715 4210 794 4272 videt,
813 4207 922 4260 Brcdua
940 4224 990 4260 cos.

218 4501 275 4536 eam
300 4494 386 4536 sutem
407 4487 459 4552 legi
483 4487 510 4538 in
534 4486 623 4538 codiee
645 4487 691 4536 illo
715 4486 842 4536 adiectam
865 4499 943 4536 mauu
962 4485 1051 4550 ignota
1069 4490 1212 4535 atramento
1231 4483 1333 4534 diverso
1351 4483 1462 4548 itemque
1481 4483 1550 4549 apud

219 4575 358 4630 Gruterum
382 4584 499 4628 auctores
524 4577 672 4628 laudantem
699 4577 825 4630 Smetium
850 4585 877 4627 et
901 4577 1107 4629 Gutcnstenium.
1153 4575 1259 4627 Collatia
1285 4575 1391 4641 reliquis
1417 4574 1551 4626 fraudibus

218 4667 429 4720 Gutensteuiauis
447 4685 500 4720 non
519 4669 575 4719 siue
593 4683 671 4719 causa
689 4669 716 4718 id
735 4669 817 4720 codici
837 4668 993 4732 adscriptum
1012 4667 1199 4732 suspicabimur
1217 4667 1249 4716 ab
1269 4667 1326 4731 ipso
1345 4665 1523 4718 Gutenstenio.

297 4777 321 4839 ¹)
348 4779 447 4830 Romae
461 4779 563 4829 codices
575 4778 749 4829 bibliothecas
757 4779 899 4828 vaticanae
912 4777 1087 4842 pervestigans
1101 4777 1223 4826 adnotari
1236 4777 1262 4825 in
1277 4775 1429 4826 Manutiano
1443 4791 1467 4825 u.
1479 4775 1549 4825 5241

219 4877 340 4934 excerpta
363 4870 414 4934 legi
431 4861 472 4920 ‘ex
496 4871 564 4920 libro
588 4869 618 4920 ll.
636 4861 736 4921 Ursini’
760 4870 820 4919 inde
845 4884 860 4919 a
883 4885 908 4934 p.
924 4865 966 4918 tr
989 4866 1023 4917 ad
1047 4882 1072 4931 p.
1091 4867 1200 4916 fortasse
1220 4867 1268 4928 rt;
1293 4882 1354 4918 nam
1379 4873 1504 4931 quatenus
1529 4866 1552 4915 is

219 4959 307 5010 titulm
327 4961 480 5026 perveniret,
501 4977 554 5011 nou
574 4963 635 5012 satia
654 4961 717 5010 mihi
737 4960 876 5011 constabat.
909 4959 980 5009 Haec
1000 4971 1058 5008 cnm
1077 4958 1111 5007 ad
1130 4971 1200 5007 mess
1219 4963 1306 5022 partes
1324 4973 1377 5007 nou
1396 4963 1550 5022 spectarent,

219 5065 271 5101 non
293 5053 410 5114 excussi3
435 5053 482 5102 sed
503 5059 608 5117 rogatos
627 5053 704 5102 uelim
729 5051 840 5116 collegas
859 5051 958 5102 Romae
984 5050 1119 5114 degemes,
1144 5055 1173 5098 nt
1192 5063 1223 5098 ss
1242 5048 1380 5112 inspiciant
1398 5055 1424 5098 et
1442 5049 1553 5099 certiora

219 5157 267 5192 uos
291 5142 324 5193 ds
347 5143 381 5194 iis
403 5143 536 5194 edoceant.
574 5145 660 5194 Etiam
684 5143 711 5194 in
735 5143 792 5194 cod.
810 5143 895 5204 toto,
923 5143 966 5207 qui
986 5141 1164 5207 complectitur
1187 5140 1268 5189 mults
1291 5140 1455 5205 diversaque,
1479 5137 1553 5189 Ursi·

219 5234 298 5285 uiana
316 5235 444 5301 quaedam
463 5235 626 5301 reperiuntur
643 5235 802 5302 praescripto
821 5233 926 5286 uomina
943 5233 1030 5285 Lafinl
1049 5231 1146 5284 Latiuil
1165 5229 1189 5292 (Ι
1207 5247 1233 5296 p.
1247 5229 1303 5292 ts).
