3812 5960
382 595 430 666 22
910 607 1183 660 snorrunrrurs
1618 609 1715 661 s1·ce

381 710 535 722 ——n-fl

382 783 423 844 61
443 783 475 843 in
497 783 565 860 ipsa
585 781 683 859 pinea
718 780 890 902 Praeneste
911 775 1057 838 infundo
1077 774 1179 838 Haun.
1201 775 1390 837 Bernardini.
1426 776 1538 836 Adhuc
1559 777 1681 837 ibidem.

885 932 910 973 rs
925 943 932 958 ·
948 929 1109 973 ervtstvs·
1127 931 1153 972 Μ
1168 941 1176 957 ·
1191 929 1207 970 r

382 1053 560 1118 Buuauuips
581 1051 665 1110 Ball.
690 1049 770 1110 1870
791 1069 821 1126 p.
841 1047 910 1108 106.

383 1258 429 1318 68
456 1260 487 1317 in
512 1258 579 1316 basi
600 1265 764 1342 protomas.
807 1255 973 1314 Praeneste
996 1257 1028 1314 in
1054 1255 1237 1314 monasterio
1261 1259 1380 1331 patrum
1409 1253 1626 1312 trinitariorum
1650 1251 1713 1313 dis·

423 1359 631 1418 calceatorum.
926 1408 1041 1450 mm
1055 1421 1062 1436 ,
1078 1407 1137 1450 Μ’,
1153 1405 1170 1448 ¹,

381 1531 543 1589 Hennenus
566 1529 604 1587 ad
626 1513 766 1605 ectypum
788 1527 912 1586 missum
933 1545 953 1584 a
974 1526 1014 1585 D.
1036 1525 1195 1586 Bonsnnio
1216 1524 1299 1584 Ball.
1324 1525 1403 1586 1868
1426 1543 1457 1602 p.
1475 1525 1544 1584 166.

382 1734 451 1794 68·
473 1735 637 1794 Praeneste
657 1751 731 1809 rep,
753 1751 832 1792 nunc
852 1732 967 1792 Romae
988 1732 1069 1808 apud
1090 1732 1311 1791 Fortunatium.

868 1883 975 1924 errius
990 1896 997 1912 ·
1015 1884 1029 1924 Ιι
1044 1896 1051 1912 ·
1068 1883 1084 1926 F
1099 1897 1106 1912 ·
1124 1881 1231 1927 tortos

382 2004 553 2081 Descripsit
573 2004 609 2063 r.
631 1989 711 2062 irae
732 2003 814 2062 surr.
839 2002 920 2062 raro
941 2021 971 2080 p.
990 2002 1059 2062 105.

424 2121 536 2163 arrium
557 2103 649 2164 Mate.

383 2328 431 2388 64
457 2329 489 2387 in
513 2329 646 2405 margine
667 2328 820 2404 superiore
841 2327 924 2386 basis
945 2327 1091 2386 rotundae
1112 2328 1228 2404 pineae.
1272 2327 1437 2387 Praeneste
1457 2327 1489 2386 in
1510 2328 1600 2387 vinea
1620 2329 1714 2388 Dom.

425 2425 564 2487 Oeeconi.
606 2429 716 2487 Adhuc
737 2428 856 2487 ibidem.

912 2551 1009 2594 murs
1024 2563 1031 2579 ·
1046 2535 1201 2634 resarcis!

382 2670 532 2747 Ectypum
547 2671 630 2729 misit
644 2670 807 2730 Hennenos
822 2677 976 2748 acceptum
992 2688 1011 2728 a
1025 2669 1065 2728 D.
1078 2670 1236 2730 Bonannio
1251 2661 1401 2747 ediditque
1413 2670 1496 2731 Bait.
1511 2669 1590 2730 1866
1605 2687 1633 2747 p.
1645 2671 1715 2732 135.

425 2771 526 2830 Marsa
546 2789 727 2847 praenomen
749 2771 844 2830 habes
865 2771 983 2843 1,1ss;
1006 2771 1164 2830 Fabricios
1187 2770 1352 2830 Praeneste
1372 2771 1589 2843 1‚106-108.

385 2973 430 3036 65
459 2977 491 3034 in
515 2977 581 3036 basi
605 2977 735 3036 rotunda
760 2977 876 3054 pineae.
920 2977 1084 3036 Praeneste
1110 2978 1141 3036 in
1167 2977 1260 3036 fundo
1288 2977 1368 3037 dioto
1395 2977 1426 3038 lo
1450 2976 1625 3037 Coiomdello
1645 2999 1716 3057 rep.

426 3096 466 3135 m.
489 3074 570 3153 Sept.
593 3097 619 3136 a.
638 3077 728 3138 1868.
771 3075 870 3136 Hodie
893 3080 925 3136 ai
941 3081 1034 3152 proti.

890 3227 925 3269 1.·
941 3227 1099 3270 seruatam
1114 3239 1122 3256 ·
1137 3227 1154 3269 1.
1167 3227 1206 3269 ·1ἶ

385 3344 548 3405 Henzenns
570 3345 608 3404 ad
629 3355 766 3422 eetypum
788 3346 915 3405 missum
936 3363 955 3403 a
975 3345 1015 3404 D.
1038 3345 1198 3406 Bonaunio
1220 3346 1301 3406 Ball.
1328 3347 1406 3408 1869
1428 3367 1459 3426 p.
1477 3347 1545 3409 165.

387 3550 434 3610 66
456 3551 486 3608 in
508 3551 574 3627 ipsa
594 3553 692 3629 pinea
735 3552 900 3611 Praeneste
921 3552 1002 3628 apud
1025 3551 1223 3612 Bonannium.

914 3702 1190 3747 c·rtav10·t·r

385 3785 557 3862 Descripsit
576 3787 832 3864 Trendelenburg.

387 3992 456 4053 st·
477 3994 508 4052 in
530 3994 620 4070 pinea
640 4015 703 4073 rep.
725 3996 890 4056 Praeneste
912 4015 931 4054 a
953 3993 1124 4057 Galeassio.

927 4129 1066 4173 rhemi
1082 4144 1089 4159 ·
1105 4130 1122 4171 n
1137 4141 1144 4158 ·
1161 4129 1177 4171 r

386 4229 548 4291 Henzenus
570 4232 652 4292 Ball.
677 4231 864 4312 reecpit
887 4253 905 4292 a
926 4231 1092 4292 Cicerehia.

388 4433 435 4494 68
460 4437 493 4494 in
516 4437 652 4515 margine
678 4439 834 4515 superiore
854 4439 938 4498 basis
960 4439 1105 4497 rotundae
1126 4439 1242 4514 pineae.
1284 4440 1450 4504 Praeneste
1470 4443 1502 4502 in
1522 4443 1616 4503 fundo
1637 4443 1719 4504 dieto

430 4535 462 4593 lo
485 4534 657 4596 Coiomdella
677 4557 740 4613 rep.
762 4557 800 4597 m.
825 4537 908 4617 Sept.
930 4557 957 4598 a
976 4539 1066 4598 1868.
1109 4537 1209 4598 Hodie
1230 4543 1262 4599 oi
1278 4545 1370 4619 prati.

976 4675 1023 4717 ro·
1040 4673 1132 4719 rovsr

387 4769 550 4830 Hennenus
572 4772 610 4830 ad
632 4781 771 4852 ectypum
792 4776 917 4836 missum
939 4797 958 4836 a
978 4776 1018 4837 D.
1040 4778 1200 4838 Bonannio
1221 4777 1303 4838 Ball.
1330 4779 1408 4839 1869
1430 4799 1462 4876 p.
1479 4779 1547 4840 165.

388 4975 436 5035 68
458 4977 488 5036 in
510 4967 643 5056 margine
665 4981 817 5058 superiore
835 4983 918 5043 basis
933 4983 1077 5044 rotundae
1090 4985 1206 5064 pineae.
1242 4985 1406 5047 Praeneste
1420 4987 1500 5067 apud
1514 4987 1716 5050 Bonannium.

971 5117 1044 5162 osis
1058 5132 1065 5148 ·
1081 5119 1133 5163 aar

388 5194 559 5276 Descripsit
580 5199 833 5280 Trendelenburg.
