3750 5990
335 1659 576 1772 inticis
614 1659 946 1816 canicunis
969 1661 1361 1778 VERONENSIS

451 1881 454 1888 ·
490 1839 859 1957 OPVSOVLVM
893 1841 1219 1960 INEDITVM.

272 2089 355 2148 Inter
381 2091 518 2150 homines
544 2092 640 2150 Italos
672 2093 723 2168 qui
755 2092 792 2151 de
820 2093 941 2170 optimis
972 2095 1138 2154 litterarum
1170 2095 1275 2171 figuris
1305 2097 1517 2170 quaesiverunt

189 2207 350 2266 earumque
375 2199 456 2250 recte
480 2201 511 2250 et
536 2198 661 2251 venuste
685 2191 901 2269 pingendarum
923 2202 1082 2276 praecepte
1102 2195 1268 2268 edidenrnt,
1295 2196 1384 2254 etiarn
1412 2198 1439 2256 is
1464 2200 1516 2274 qui

188 2291 371 2350 novissimus
383 2291 420 2350 de
431 2291 479 2350 his
491 2291 685 2369 scriptoribus
697 2292 774 2350 dixit
786 2291 986 2354 Sotamannus
998 2295 1175 2372 (Naumaun
1185 2305 1215 2354 et
1221 2295 1457 2373 WeigelArcltic
1461 2299 1517 2374 fiir

188 2392 235 2449 die
254 2391 438 2452 zeichnmdcn
452 2392 563 2452 Krincte
579 2393 657 2453 1856
680 2393 713 2452 11
734 2413 762 2472 p.
784 2393 911 2474 atasq.)
934 2397 1081 2458 neminem
1102 2397 1300 2472 antiquiorem
1320 2399 1406 2457 novit
1425 2400 1517 2458 fratre

187 2489 272 2550 Luca
285 2491 438 2552 Paciuolo.
476 2492 536 2575 Qui
558 2513 626 2553 oum
647 2513 725 2570 opus
746 2496 972 2556 celeberrimum
986 2497 1067 2574 quod
1089 2504 1134 2556 est
1148 2496 1185 2554 de
1200 2497 1301 2555 divina
1313 2501 1516 2573 proportione,

187 2593 377 2652 terminatum
400 2593 474 2652 illud
495 2596 523 2654 d.
549 2596 597 2655 14.
619 2616 658 2654 m.
681 2595 755 2655 Dec.
781 2598 860 2657 1497
888 2596 950 2672 (vd.
972 2597 1025 2654 tol.
1047 2595 1127 2671 23¹),
1144 2595 1310 2655 -duodecim
1336 2599 1422 2656 aunis
1448 2607 1517 2674 post

187 2685 323 2754 editurus
344 2702 433 2768 esset,
454 2697 563 2754 adiecit
584 2696 689 2773 viginti
715 2697 814 2773 capita
841 2696 880 2754 ad
901 2696 1128 2755 architecturam
1148 2696 1336 2774 pertinentia.
1379 2695 1438 2754 Hie
1459 2717 1515 2775 pro

187 2795 352 2870 appendice
378 2799 425 2855 e'st
452 2797 546 2856 series
576 2795 742 2855 litterarum
774 2805 911 2856 accurate
942 2796 1046 2856 circini
1072 2806 1104 2868 et
1128 2797 1250 2874 regulae
1276 2813 1334 2873 ope
1357 2796 1515 2872 pictarum,

187 2895 272 2954 cuius
298 2897 477 2968 mentionem
503 2897 651 2974 epistolae
678 2896 879 2956 dedicatoriae
905 2917 932 2954 a.
958 2896 987 2954 d.
1009 2896 1038 2954 V
1059 2897 1105 2954 Id.
1126 2895 1192 2955 lan.
1217 2896 1296 2956 1509
1324 2897 1361 2956 ad
1389 2897 1532 2968 Petrum,

187 2993 367 3056 Soderinum
388 2997 477 3055 datae
497 2997 637 3066 inseruit3
663 2995 842 3072 explicatius
871 2997 908 3054 de
935 2997 1001 3056 eius
1027 2997 1144 3056 ratione
1169 2997 1200 3054 ia
1221 2998 1400 3076 ipso‘opere
1421 3017 1514 3077 expo·

187 3098 263 3170 suit,
285 3117 374 3174 quem
398 3098 498 3155 locum
524 3097 587 3171 (Do
607 3095 667 3154 div.
689 3103 777 3171 prop.⁴
791 3114 861 3172 pars
883 3097 981 3176 primu
1001 3097 1051 3154 fol.
1068 3096 1147 3172 28r.)
1169 3105 1264 3157 totum
1286 3099 1516 3159 adscribendum

188 3215 257 3258 esse
283 3198 370 3257 duxi:
403 3195 568 3256 Contentum
589 3214 645 3271 per
670 3195 750 3254 molti
776 3199 807 3254 ιἰι
832 3199 906 3256 dicto
929 3199 1056 3274 pileatrc
1079 3215 1186 3274 ponere
1213 3199 1306 3258 lettere
1328 3217 1384 3274 per
1400 3202 1517 3260 'diceret'

187 3301 319 3358 ordinate
339 3297 512 3356 ciuccirane
534 3315 549 3354 e
568 3293 695 3355 nomano
719 3296 780 3354 loro
801 3299 916 3370 intento,
939 3297 1010 3357 belle
1024 3298 1146 3358 Anticie
1168 3317 1219 3358 con
1240 3308 1314 3358 tutta
1332 3304 1517 3376 proportione

188 3417 202 3458 e
223 3403 281 3458 cori
301 3403 331 3457 in
351 3399 614 3474 altrisrcntecpicii
634 3399 738 3474 esrepi
759 3402 954 3457 emcnnmenti
975 3399 1035 3456 loro
1057 3399 1205 3476 epytapiii
1225 3400 1308 3475 puali
1326 3417 1410 3476 renco
1432 3401 1517 3460 dnbio

187 3501 270 3560 molto
293 3501 418 3558 rendano
444 3509 563 3558 cenacto
585 3499 613 3556 lc
639 3499 773 3574 arteficio.
816 3499 848 3556 Ε
863 3517 934 3575 pero
959 3517 980 3557 a
1001 3509 1097 3575 pacato
1112 3501 1172 3575 fiae
1198 3500 1233 3558 Ιιο
1249 3509 1336 3576 poeto
1357 3519 1465 3560 ancora
1483 3505 1517 3560 ιἰι

187 3609 285 3677 pacato
304 3608 402 3657 cosmo
423 3601 531 3657 cctame
558 3601 631 3657 detto
660 3599 727 3656 deta
747 3600 849 3657 diuina
867 3603 1052 3684 proportione
1073 3600 1100 3658 el
1119 3601 1237 3659 modo-e
1250 3603 1353 3677 soram
1373 3619 1427 3659 con
1448 3610 1516 3661 tntte

188 3719 238 3760 sne
255 3701 438 3775 proportioni
459 3717 512 3756 vno
533 3700 623 3775 dcpnc
644 3699 795 3773 alphabeto
810 3699 934 3757 Anticio
955 3701 1094 3757 mediante
1114 3701 1141 3757 el
1161 3700 1247 3775 quale
1262 3710 1373 3776 potrete
1393 3703 1517 3761 tomaene

188 3804 219 3857 in
246 3802 335 3856 cccci
359 3799 456 3857 tanoni
476 3799 570 3874 quello
596 3817 629 3858 ce
656 3800 783 3856 academ
809 3801 943 3857 acirone
964 3816 1048 3871 tenca
1069 3800 1153 3856 dacio
1175 3801 1215 3858 dc
1236 3804 1300 3860 tutti
1319 3803 1515 3861 commendati.

188 3898 378 3960 Anisandone
402 3899 451 3957 cite
467 3917 521 3973 per
540 3907 638 3974 questo
666 3899 727 3958 acle
751 3901 791 3956 mi
810 3902 897 3957 moaci
917 3916 937 3955 α
959 3898 1121 3972 dispunctio
1141 3903 1171 3956 in
1194 3901 1271 3956 dicta
1284 3902 1385 3974 formo
1405 3903 1470 3958 acio
1493 3901 1516 3957 lt

187 4001 323 4076 scriptori
347 4001 524 4058 eminiatcrt'
546 3999 594 4058 cie
612 4007 694 4058 ¹tanto
715 4017 745 4057 ae
766 3999 893 4056 rmdanc
915 4001 1009 4056 ccarci
1029 4016 1048 4054 a
1069 3999 1252 4057 demostrante
1278 3997 1300 4055 a·
1312 3999 1395 4073 scete
1415 3999 1515 4057 citare

188 4101 238 4163 cie
265 4117 349 4174 emeca
379 4099 425 4157 lor
445 4119 542 4176 penna
568 4118 583 4158 e
611 4099 757 4174 peractio,
785 4097 811 4156 le
837 4099 886 4156 dci
912 4097 983 4156 tinec
1007 4097 1201 4157 mathematici
1230 4115 1322 4156 carna
1349 4115 1363 4156 e
1395 4106 1515 4158 rectae
1605 4135 1610 4140 -

187 4201 282 4264 aolino
304 4219 320 4259 o
340 4219 406 4274 nun,
428 4220 448 4258 a
466 4201 639 4277 perfectione
661 4199 686 4258 le
706 4199 870 4258 condacanc
893 4216 995 4258 comme
1016 4215 1124 4257 ancora
1147 4205 1215 4257 tutte
1237 4197 1322 4258 taltre
1344 4215 1406 4258 cone
1418 4199 1515 4275 scano

190 4303 333 4362 conciccia
355 4301 404 4361 cie
426 4319 512 4375 aeaco
533 4319 598 4377 epae
619 4319 676 4358 acm
696 4303 742 4358 aia
761 4289 897 4376 possibile
919 4283 1026 4356 alcuna
1047 4315 1115 4357 cccc
1136 4297 1343 4373 conformare.

271 4401 343 4462 Non
364 4409 430 4472 erat
450 4401 570 4460 omniuo
586 4419 695 4459 uorum
712 4406 742 4458 et
755 4417 774 4457 a
788 4400 879 4459 iretre
894 4399 1074 4459 minoritano
1088 4398 1216 4475 primum
1230 4399 1394 4480 inventum,
1416 4417 1514 4458 emen·

188 4504 276 4563 datus
302 4502 469 4562 litterarum
495 4501 607 4579 figuras
633 4500 736 4560 circini
761 4509 792 4560 et
816 4481 938 4578 regulae
964 4517 1020 4560 usu
1047 4499 1204 4579 commode
1229 4499 1371 4572 describi;
1400 4501 1516 4577 antiqui

188 4603 267 4663 tituli
296 4621 364 4662 cum
391 4601 502 4661 Graeci
528 4609 592 4661 tum
612 4600 742 4660 Romani
768 4601 842 4660 satis
864 4601 1070 4660 demonstrant
1095 4619 1134 4660 ne
1159 4600 1367 4678 quadratarios
1394 4600 1516 4676 quidem

189 4703 311 4761 illorum
331 4713 501 4780 temporum
529 4702 567 4760 ab
592 4703 650 4761 hac
669 4702 785 4761 rationo
806 4701 1014 4774 abhorruisse,
1041 4709 1184 4778 extatque
1207 4700 1354 4761 eiusmodi
1375 4717 1464 4760 curae
1483 4699 1516 4759 in

190 4801 354 4861 litterarum
368 4803 496 4881 figuram
517 4804 670 4884 impensae
691 4802 780 4860 etiam
802 4803 901 4862 tenuis
916 4801 1027 4878 scripta
1047 4803 1191 4861 memoria
1211 4801 1242 4860 in
1256 4799 1389 4860 Beirkeri
1401 4797 1516 4858 Aneed.

190 4919 221 4978 p.
238 4901 298 4961 784
319 4895 374 4958 Arai
395 4905 478 4962 τοῦτο
501 4896 531 4961 δὲ
552 4893 600 4960 καὶ
622 4898 673 4960 οὔκ
694 4891 794 4964 (imm
814 4903 996 4986 χαρακτῆρσι
1018 4893 1167 4984 χρώμεθα
1186 4903 1242 4959 τοῖν
1263 4890 1416 4977 στοιχιῖων
1436 4892 1518 4956 arat

192 5001 249 5063 τοῖς
267 4995 409 5069 Ἰωνικοῖς,
435 4999 473 5064 cic
501 4992 549 5072 cciv
573 4992 790 5074 Ἀσκληπιάδης
816 5000 829 5060 ὅ
852 5003 1009 5086 Σμυρναῖος
1029 4991 1108 5079 >ipsc
1137 4995 1186 5059 διὰ
1212 4993 1244 5056 ri
1270 4993 1379 5060 κάλλος
1406 4987 1455 5056 καὶ
1475 4987 1517 5056 ὅτι

191 5101 314 5160 πλεῖστα
334 5101 390 5158 rain
411 5093 648 5186 συγγραμμάτων
667 5092 775 5164 τούτοις
789 5091 950 5186 ἒγῖγραιττο
970 5103 1029 5163 τοῖς
1043 5101 1255 5186 χαρακτῆρσιν·
1277 5095 1316 5161 cis·
1336 5086 1368 5158 δῖ
1381 5089 1519 5184 Διόδωρος

193 5191 241 5261 καὶ
258 5194 368 5264 Ἀπίων
389 5199 416 5261 ἐν
436 5204 479 5280 τῷ
498 5193 559 5289 napi
581 5205 638 5264 τνῖν
664 5194 832 5283 στοιχείων,
852 5194 894 5262 ὅτι
914 5204 1040 5263 πλεῖστοι
1067 5201 1253 5286 συγγραφεῖς
1279 5189 1328 5260 uei
1358 5198 1382 5259 ci
1406 5187 1519 5269 maserei
