3750 5990
591 595 889 651 onsuuvurrouus
908 595 1025 648 erran.
1044 597 1104 646 xv.
1436 577 1508 648 285

186 779 257 829 tres.
281 801 318 812 -
346 769 485 844 Denique
510 767 592 844 quod
618 767 655 827 ad
683 768 802 846 singula
826 767 926 842 capita
950 766 981 824 in
1003 765 1061 824 line
1087 764 1262 824 adscribitur
1282 757 1380 847 ἔδοξεν
1405 785 1458 842 per
1480 783 1514 825 se

185 870 329 948 positum,
352 889 418 928 curn
441 888 518 946 quae
539 869 720 946 praecedunt
741 876 883 945 regantur
905 876 1050 926 commate
1071 853 1129 948 πὲρὶ
1150 860 1249 923 τούτου
1272 867 1324 923 τοῦ
1343 857 1514 948 πράγματος

187 961 276 1030 οὕτως
296 961 410 1051 ἔδοξεν,
437 971 494 1030 hoc
515 970 676 1047 respondet
696 969 842 1028 formulae
869 969 904 1025 de
930 985 963 1025 ea
990 987 1021 1026 re
1046 970 1089 1025 ita
1110 977 1285 1038 censuerant,
1312 967 1389 1026 illud
1417 967 1513 1040 alteri,

188 1088 251 1146 qua
271 1070 457 1148 significatur
482 1081 552 1147 post
577 1071 753 1129 relationem
779 1069 964 1128 discessione
984 1067 1065 1127 facta
1089 1067 1120 1125 id
1145 1067 1263 1144 dequo
1289 1069 1387 1147 agitur
1407 1069 1515 1126 maiori

188 1171 268 1247 parti
288 1173 491 1248 praesentium
512 1172 671 1248 placuisse,
700 1164 806 1246 nempe
831 1188 970 1229 censuere.
997 1201 1035 1212 -
1064 1168 1110 1226 Eo
1132 1175 1232 1226 autem
1255 1170 1373 1228 nomine
1396 1168 1516 1229 Graeca

188 1271 263 1330 haec
295 1272 394 1330 versio
426 1289 608 1349 magnopere
640 1272 740 1330 differt
771 1290 790 1329 a
821 1269 1090 1328 senatusconsultis
1122 1287 1199 1345 quae
1234 1269 1377 1329 habemus
1408 1269 1516 1330 Latine

187 1371 309 1449 scripta,
331 1372 414 1448 quod
434 1392 503 1432 cum
523 1374 597 1430 haec
610 1373 755 1431 formulas
771 1371 932 1430 sollemnes
946 1371 1154 1447 legitimasque
1169 1370 1232 1428 suis
1245 1371 1321 1430 locis
1335 1381 1472 1431 accurate
1487 1378 1517 1429 et

187 1472 276 1550 plene
297 1485 419 1548 ponent,
442 1472 551 1533 Graeci
573 1473 703 1532 hominis
725 1473 872 1532 eiusmodi
897 1471 1044 1530 sermonis
1065 1470 1252 1547 impatientia
1271 1473 1320 1532 vel
1340 1473 1372 1530 iu
1393 1472 1451 1531 hoc
1472 1471 1516 1530 in·

190 1579 355 1631 strumento
377 1574 599 1649 quodammodo
626 1575 756 1632 cernitur
784 1561 887 1632 multis
915 1589 1016 1630 earum
1038 1571 1085 1630 vel
1105 1571 1137 1630 in
1158 1573 1366 1648 compendium
1386 1573 1516 1632 redactis

189 1672 239 1731 vel
253 1675 473 1749 praetermissis
496 1681 526 1733 et
546 1675 589 1733 ita
604 1675 734 1751 quidem,
757 1683 796 1833 οὲ
803 1673 841 1758 ad
855 1672 1078 1750 grammaticam
1093 1673 1145 1747 qui
1159 1673 1388 1733 instrumentum
1403 1674 1516 1750 exigat,

189 1790 279 1849 saepe
295 1775 523 1834 concinnitatem
537 1776 697 1834 verborum
713 1773 768 1833 ade
789 1793 848 1850 que
865 1775 975 1832 iustum
998 1774 1212 1834 sententiarum
1233 1793 1343 1834 nexum
1357 1774 1516 1833 desideret.

187 1871 238 1933 Ita
262 1875 331 1950 ipsa
351 1875 486 1953 legitima
506 1875 704 1954 praescriptio
725 1874 755 1934 in
778 1874 942 1951 posteriore
964 1875 1226 1934 senatusconsulto
1246 1875 1363 1934 omissa
1382 1883 1430 1932 est
1451 1874 1518 1933 sola

188 1973 237 2032 die
251 1983 387 2052 excepta,
411 1977 527 2035 scilicet
540 1975 620 2053 quod
634 1976 751 2052 reliqua
764 1977 856 2034 verba
870 1975 973 2034 eadem
993 1983 1063 2035 snut
1077 1983 1167 2052 atque
1187 1975 1218 2033 in
1233 1961 1341 2052 priore.
1374 1971 1518 2036 Similiter

188 2093 216 2132 v.
239 2073 278 2132 20
307 2083 377 2134 ante
399 2067 456 2157 περὶ
478 2073 581 2159 riwin
609 2095 647 2136 ex
673 2077 920 2153 praecedentibus
942 2096 970 2135 r.
993 2077 1029 2135 17
1052 2076 1252 2154 supplendum
1280 2072 1327 2134 est
1354 2067 1412 2160 περὶ
1434 2064 1471 2134 οἷν
1494 2075 1518 2134 οἱ

188 2165 269 2232 οὗτοὶ
289 2166 396 2252 λόγους
417 2167 591 2247 lucricausa.
633 2177 708 2236 Item
733 2191 799 2236 curn
827 2176 983 2236 sollemnis
1012 2177 1085 2236 ordo
1114 2177 1240 2248 hicsit,
1269 2185 1301 2234 ut
1325 2187 1396 2254 post
1416 2176 1517 2236 decer·

188 2275 278 2334 nendi
299 2295 420 2336 causam
442 2278 638 2336 strationem
667 2268 740 2360 (περὶ
766 2266 803 2334 οἷν
824 2274 837 2334 ὅ
861 2271 939 2334 deira
960 2269 1066 2354 λόγους
1086 2267 1250 2350 ἐποιήσατο,
1278 2267 1352 2337 ὅπως
1375 2276 1446 2352 cet.)
1475 2277 1519 2337 sic

186 2385 342 2454 pergatur:
364 2367 424 2459 aspi
445 2368 546 2434 cedrea
569 2379 621 2434 τοῦ
634 2367 803 2460 πράγματος
817 2367 906 2435 οὕτως
919 2367 1018 2458 ἔδοξεν
1032 2373 1200 2435 ἀποστεῖλαι
1221 2377 1271 2436 vel
1288 2367 1364 2437 duwe
1378 2367 1517 2434 ausari).-

187 2482 289 2534 λωοον·
315 2468 424 2558 ἔδοξεν,
446 2479 574 2554 scriptor
598 2479 753 2537 brevitatis
775 2497 868 2537 causa
887 2478 963 2536 illud
984 2468 1072 2536 odrae
1093 2467 1191 2555 ἔδοξεν
1217 2477 1331 2552 passim
1354 2476 1465 2546 omisit,
1486 2484 1519 2535 ut

188 2575 248 2634 iam
275 2574 443 2635 deterritae
469 2580 518 2637 vel
533 2570 620 2640 'dnae
641 2569 854 2636 ἀποοτέλλωοιν
881 2578 1010 2656 pendeat
1035 2577 1073 2634 ab
1093 2567 1193 2655 ἔδοξεν
1219 2593 1255 2634 eo
1280 2575 1361 2651 qnod
1383 2577 1518 2652 sequitur

189 2693 285 2750 neque
307 2693 364 2734 sua
385 2679 416 2734 vi
440 2677 498 2736 hoc
517 2687 584 2750 stet,
606 2689 639 2737 ut
660 2696 778 2755 semper
800 2687 859 2737 stat
880 2679 911 2737 in
932 2678 1061 2736 decretis
1082 2657 1191 2734 Latine
1213 2677 1353 2753 scriptis.¹
1383 2675 1516 2736 Omnino

190 2776 484 2838 senatusconsultum
517 2778 574 2836 hoc
606 2779 649 2836 ita
675 2778 833 2857 legendum
862 2786 922 2850 cst,
952 2786 986 2836 ut
1016 2777 1047 2836 in
1074 2775 1200 2836 Graecis
1228 2775 1381 2836 vocabulis
1411 2793 1544 2837 senense

190 2875 316 2938 Latinos
336 2877 487 2936 rimemur.
934 2875 937 2882 ’

273 3078 383 3138 Latina
397 3081 543 3139 elementa
564 3077 680 3140 Graece
698 3081 743 3139 ita
755 3073 817 3140 iere
831 3079 1005 3154 redduntur,
1025 3091 1058 3140 ut
1071 3081 1104 3141 fit
1118 3083 1148 3141 in
1164 3081 1231 3141 aliis
1253 3079 1318 3139 eius
1334 3081 1401 3140 nevi
1415 3097 1518 3140 monu-

191 3180 309 3239 mentis.
342 3179 464 3240 Voculis
479 3201 499 3238 u
512 3181 604 3258 longa
617 3183 795 3259 exprimitur
808 3199 862 3256 per
877 3203 908 3238 ου
925 3171 1087 3258 (Μούκιος),
1102 3182 1201 3240 brevis
1216 3199 1270 3257 per
1285 3203 1297 3237 ο
1313 3173 1452 3256 (Κόιντος,
1466 3187 1518 3240 Λο-

189 3269 305 3362 apicus,
325 3273 464 3348 Νομιόοος,
485 3277 623 3359 Πόπλιος)
646 3282 807 3342 secundum
822 3281 917 3358 legem
932 3301 1008 3354 eam,
1030 3281 1067 3341 de
1086 3301 1147 3358 qua
1164 3300 1261 3358 nuper
1274 3281 1361 3341 docte
1376 3282 1518 3358 exposuit

191 3377 404 3458 Dittenberger
429 3381 473 3458 (in
495 3381 627 3443 Hermae
647 3384 707 3442 vol.
732 3383 749 3442 6
771 3404 801 3461 p.
822 3382 907 3459 282).
956 3383 1053 3458 Magis
1079 3383 1222 3441 notabilis
1251 3391 1298 3442 est
1322 3383 1419 3441 forma
1445 3377 1519 3439 εἰδυ-

190 3496 246 3556 pro
267 3480 376 3540 Latino
398 3484 471 3555 ida,
495 3485 615 3543 rediens
635 3503 672 3542 ea
693 3484 741 3560 (ut
762 3484 916 3542 admonuit
936 3481 1162 3561 Dittenberger)
1187 3484 1217 3541 in
1240 3492 1361 3543 senatus
1382 3483 1518 3543 consulto

190 3579 229 3640 de
249 3581 464 3641 Prienensibus
486 3603 512 3640 a.
529 3583 589 3641 619
612 3583 694 3658 (vide
712 3601 805 3657 supra
825 3601 854 3658 p.
874 3581 945 3640 156:
972 3577 1021 3664 πρδ
1043 3581 1149 3665 ἡμερῶν
1171 3573 1249 3642 πέντε
1264 3575 1518 3666 sidetana-dedima-

190 3673 278 3762 ρι’ων),
299 3702 365 3741 cnm
386 3689 494 3758 postea
516 3683 606 3760 vulgo
628 3683 777 3741 scribatur
798 3700 860 3740 non
881 3677 979 3739 sidonio
1000 3685 1049 3741 vel
1070 3680 1189 3750 εἰδοιοῒν,
1210 3683 1263 3743 sed
1283 3682 1364 3740 εἰδῶν
1386 3683 1423 3742 ab
1442 3677 1518 3742 εἰδοί.

189 3779 268 3838 Item
283 3781 364 3858 quod
378 3801 395 3839 ο
410 3799 588 3852 consonans,
610 3781 660 3838 ubi
675 3781 855 3840 vocabulum
874 3782 911 3840 ab
926 3802 962 3843 eo
976 3783 1108 3859 incipiat,
1122 3782 1277 3854 omittitur,
1300 3783 1363 3840 eius
1378 3783 1520 3842 omissio·
1545 3787 1553 3929 ι

191 3879 239 3940 nis
266 3880 348 3939 aliud
374 3880 543 3957 exemplum
568 3880 683 3939 nullum
711 3882 782 3940 mibi
805 3891 924 3959 praesto
951 3890 996 3941 est
1017 3888 1135 3956 praeter
1161 3880 1284 3956 aequale
1305 3881 1368 3940 fere
1390 3881 1520 3959 catalogi
1566 3887 1587 3938 t·

192 3997 393 4056 proxenorum
411 3979 662 4057 Delphicorum¹)
685 4001 713 4040 v.
729 3981 781 4040 16:
796 3973 924 4042 ’Κοίντος
936 3971 1061 4064 'prieur
1074 3973 1190 4038 liriorta
1205 3977 1351 4048 Ῥωμαῖος,
1372 3980 1453 4056 quod
1474 3987 1521 4040 eet
1551 3932 1560 4014 i

192 4079 300 4139 Latine
320 4081 353 4152 Q.
373 4081 504 4141 Voturiae
518 4083 582 4141 sive
599 4081 730 4143 Veturius
743 4081 778 4153 Q.
786 4085 827 4159 s„
842 4090 874 4142 ut
888 4083 1003 4140 mittam
1017 4081 1150 4141 Venetos
1163 4069 1290 4142 Ἐ’νὲτους
1305 4077 1518 4158 similiaquet).

272 4263 295 4326 ¹)
320 4264 445 4317 Wescher
467 4273 491 4316 et
513 4267 627 4318 Foncart
649 4269 726 4319 inser.
745 4269 841 4333 Delph.
859 4284 886 4334 p.
906 4269 1000 4333 20seq.
1038 4267 1079 4318 De
1102 4273 1218 4331 tempora
1242 4267 1377 4332 diligenter
1401 4267 1521 4330 exposuit

192 4353 228 4404 A.
250 4354 396 4408 Mommsen
420 4358 448 4407 in
472 4357 603 4424 Philologi
630 4360 680 4409 vol.
701 4361 736 4410 24
758 4375 784 4424 p.
804 4359 914 4424 25seq.;
938 4359 1047 4423 scriptus
1072 4365 1111 4408 est
1135 4358 1266 4422 catalogus
1290 4373 1313 4407 a.
1333 4373 1358 4408 u.
1378 4373 1400 4407 c.
1420 4355 1472 4408 557
1493 4363 1520 4407 et

193 4444 321 4510 deinceps.
341 4475 375 4485 ·-
397 4447 447 4509 Qui
459 4449 487 4498 in
501 4463 531 4499 eo
545 4450 712 4500 nominantur
724 4466 747 4499 v.
763 4451 829 4500 112:
848 4444 927 4506 Τίτος
939 4443 1074 4516 Κοῖγκτιος
1086 4443 1165 4499 Τίτου
1177 4427 1232 4504 iride
1242 4439 1364 4515 Ῥωμαῖος
1377 4455 1402 4498 et
1413 4463 1437 4497 v.
1454 4448 1520 4498 1182

192 4523 313 4603 Μοίορκος
337 4525 461 4604 Αὶμῦλοος
483 4535 596 4596 Λέπιδος
619 4529 740 4608 Μοοῖρκοο
759 4527 812 4598 alde
828 4530 959 4607 Ῥωμαῖος,
979 4555 1024 4590 eos
1042 4540 1140 4590 dudum
1164 4540 1320 4590 intellectum
1344 4546 1384 4590 est
1402 4537 1521 4588 consules

194 4638 249 4675 esse
268 4640 292 4676 a.
307 4628 360 4678 556
380 4635 406 4678 et
425 4629 487 4680 567.
525 4631 628 4681 Tertius
646 4645 670 4680 v.
687 4631 751 4682 115:
775 4619 881 4687 Asinae
898 4623 1013 4688 ’Δκίλιος
1032 4623 1161 4687 Καίσωνος
1178 4618 1232 4686 aide
1250 4637 1324 4694 pater
1348 4635 1385 4679 est
1408 4628 1521 4679 consulis

194 4729 217 4764 a.
236 4716 290 4766 604
312 4711 360 4768 Μ’.
379 4719 459 4770 Acilii
477 4721 507 4771 L.
527 4721 546 4772 f.
565 4723 598 4772 K.
618 4737 645 4772 n.
663 4721 749 4772 Balbi.
793 4721 835 4771 De
859 4721 965 4787 reliquis
989 4721 1115 4773 Romanis
1139 4722 1183 4786 qni
1205 4721 1241 4770 ibi
1266 4720 1434 4771 nominantur
1456 4717 1542 4791 mihi·

194 4819 247 4856 non
266 4813 375 4858 constat.
464 4817 467 4826 ’
1062 4865 1063 4868 ,

272 4893 297 4960 ²)
319 4890 475 4964 Ὀὐλο(ινίο)
500 4905 621 4968 scriptum
646 4911 685 4953 est
702 4904 737 4953 *in
754 4903 828 4952 titulo
846 4902 936 4952 Attico
960 4902 1010 4952 vol.
1030 4903 1072 4952 111
1090 4917 1116 4952 n.
1131 4893 1202 4952 561.’
1240 4899 1295 4963 [W.
1314 4895 1517 4962 Dittenberger]

195 4991 281 5042 Etiam
300 4991 328 5040 in
346 4991 633 5046 anonomastos
656 4994 749 5059 legitur
771 4989 869 5044 Ultinia
894 4981 1075 5058 perscriptum,
1100 4993 1170 5058 quod
1193 4991 1263 5042 haud
1281 4991 1334 5041 scio
1354 5003 1387 5039 an
1406 4988 1467 5038 item
1487 4985 1521 5036 ed

196 5081 324 5135 Graecam
342 5082 460 5133 vocabuli
477 5086 713 5148 pronuntiationem
731 5083 895 5135 referendum
913 5083 953 5145 sit,
974 5098 1032 5133 cum
1051 5083 1139 5136 unlus
1157 5085 1190 5135 slt
1208 5081 1320 5134 hominis
1337 5081 1520 5148 Philippensis.

197 5173 224 5224 A
242 5173 336 5226 Latina
354 5174 423 5226 enim
443 5176 627 5228 cousuetudine
645 5177 708 5228 haec
725 5177 826 5228 litterae
846 5175 950 5227 omissio
969 5174 1098 5226 abhorret.
