3750 5990
695 571 909 624 PACIVOLVS.

269 799 291 856 P

227 951 343 1026 Questa
363 951 471 1011 lettera
493 950 548 1010 .P.
573 951 599 1010 si
620 968 695 1011 caua
716 950 764 1010 del
785 951 877 1010 tondo
899 969 916 1008 e
935 949 984 1008 del
999 967 1054 1010 suo
1069 951 1193 1027 quadro.
1226 953 1272 1014 La
1294 973 1351 1016 sua
1365 963 1473 1037 gamba

144 1071 253 1134 grossa
273 1053 323 1112 uol
345 1070 428 1112 esser
450 1053 487 1110 de
508 1053 536 1110 le
558 1071 635 1110 noue
650 1051 729 1130 parti
748 1051 830 1123 luna,
849 1051 880 1110 la
893 1051 990 1110 forma
1010 1051 1059 1111 del
1072 1054 1166 1112 tundo
1186 1055 1236 1114 uol
1257 1075 1341 1118 esser
1361 1063 1474 1140 grande

144 1173 258 1214 comme
285 1155 387 1231 quella
407 1154 458 1213 del
479 1153 534 1212 .B.
557 1153 596 1211 da
616 1153 723 1225 basso,
745 1173 761 1212 e
788 1153 819 1210 la
840 1171 896 1212 sua
917 1170 1060 1230 grosseza
1079 1154 1116 1214 de
1137 1155 1169 1214 la
1188 1159 1296 1234 paneis
1317 1162 1369 1220 uol
1391 1181 1475 1225 esser

143 1263 228 1315 tanto
249 1265 360 1332 quanto
382 1255 413 1314 la
432 1255 542 1332 gamba
555 1271 663 1332 grossa
684 1273 701 1312 e
722 1254 748 1313 si
764 1254 814 1313 uol
836 1254 999 1331 principiat
1019 1255 1095 1314 ditta
1108 1256 1215 1317 lettera
1235 1261 1274 1318 da
1293 1261 1321 1320 le
1344 1267 1474 1326 crociere

144 1356 192 1415 del
221 1357 312 1416 tondo
338 1355 452 1434 grande
477 1358 541 1414 cioo
570 1355 609 1414 da
635 1355 664 1414 le
691 1355 912 1416 intersecationi
939 1356 975 1414 de
1003 1356 1024 1414 li
1051 1356 1188 1418 diametri
1211 1359 1237 1417 ἀ
1264 1362 1309 1422 sio
1330 1366 1387 1424 erit
1408 1387 1473 1444 per·

144 1457 317 1517 rectissima.

271 1629 331 1704 Q
433 1607 437 1613 .

230 1781 346 1857 Questa
359 1783 455 1842 letera
475 1781 534 1856 .Q.
558 1800 672 1843 comme
686 1783 808 1858 disopra
822 1781 897 1840 dissi
919 1799 951 1840 se
966 1801 1040 1844 caua
1053 1783 1102 1842 del
1123 1784 1183 1844 .0.
1210 1789 1397 1850 terminando
1419 1811 1477 1855 sua

146 1885 255 1962 gamba
273 1893 318 1943 tre
332 1891 408 1944 teste
422 1885 459 1942 de
474 1901 531 1942 sua
552 1885 666 1944 altena
681 1875 760 1942 sotto
783 1883 811 1940 el
826 1881 969 1958 quadrato
991 1885 1055 1944 cioe
1081 1885 1117 1946 de
1139 1886 1168 1946 le
1188 1879 1266 1948 n'oue
1287 1893 1365 1965 parti
1387 1895 1416 1952 le
1431 1904 1475 1954 tre

147 1985 197 2044 del
219 2001 274 2044 suo
296 1986 443 2061 quadrato
465 2003 557 2043 ouero
580 1985 725 2043 diametro
747 1981 796 2042 del
819 2001 872 2042 suo
893 1985 985 2044 tondo
1007 2003 1122 2046 comme
1144 1987 1196 2064 qui
1218 2007 1329 2065 appare
1351 2012 1477 2072 propor-

148 2088 273 2158 tionata,
295 2085 446 2164 guidando
467 2086 496 2144 le
518 2104 612 2161 pance
628 2102 732 2164 grosse
754 2103 770 2143 e
793 2101 847 2143 sue
862 2084 943 2143 sutili
966 2088 1103 2164 opposite
1125 2106 1144 2145 a
1158 2095 1268 2164 poncto
1289 2109 1404 2154 comme
1426 2096 1477 2155 del

147 2186 207 2246 .O.
229 2187 261 2246 fo
284 2187 372 2246 dicto.
409 2187 435 2245 E
450 2187 481 2245 la
496 2205 550 2246 sua
564 2187 673 2264 gamba
688 2185 739 2242 nol
760 2203 844 2244 esser
861 2169 954 2263 longa¹
974 2205 1052 2246 noue
1068 2197 1143 2247 teste
1158 2189 1222 2248 cioe
1237 2199 1349 2267 quanto
1371 2195 1399 2253 el
1421 2214 1477 2256 suo

148 2287 295 2365 quadrato
317 2288 521 2366 arectangulo‚
550 2306 566 2344 e
588 2287 619 2346 la
640 2287 699 2346 fine
721 2285 772 2344 uol
794 2301 878 2345 esser
899 2287 962 2346 alta
981 2287 1012 2346 la
1033 2297 1142 2364 poncta
1162 2289 1193 2348 in
1215 2309 1252 2351 su
1274 2312 1315 2352 un
1336 2309 1416 2354 nono
1440 2296 1476 2356 de

147 2389 274 2450 laltezza
301 2389 453 2466 sequendo
482 2389 513 2446 la
538 2389 655 2448 curuita
683 2387 719 2445 de
746 2386 777 2445 la
798 2405 897 2462 penna
918 2407 975 2447 con
1002 2388 1033 2447 la
1060 2390 1273 2468 degradatione
1301 2393 1339 2452 de
1365 2395 1395 2454 la
1421 2415 1477 2455 sua

146 2509 316 2568 grossezz&

272 2661 299 2720 R

233 2813 348 2890 Questa
368 2816 475 2875 lettera
495 2815 554 2875 .B.
575 2833 608 2875 se
628 2831 704 2875 caua
725 2815 762 2872 de
784 2814 814 2872 la
835 2814 942 2872 lettera
963 2811 1029 2884 .B.,
1050 2814 1079 2871 el
1100 2831 1156 2872 suo
1170 2814 1261 2874 tondo
1276 2817 1321 2876 sie
1340 2817 1377 2877 de
1399 2828 1478 2879 sotto

147 2916 197 2975 dal
218 2925 320 2976 centro
342 2936 402 2976 una
422 2935 507 2975 meza
528 2918 644 2993 gamba.
688 2915 781 2973 Tutta
807 2919 913 2988 questa
938 2912 1044 2972 lettera
1067 2915 1119 2972 uol
1146 2931 1229 2974 esser
1255 2916 1360 2978 dentro
1387 2920 1423 2978 de
1448 2923 1478 2981 le
1566 2959 1571 2964 -

146 3018 228 3078 croci
248 3025 374 3095 excepto
395 3017 427 3075 la
440 3017 550 3093 gamba
571 3023 666 3074 storta
686 3014 738 3072 nol
760 3013 841 3072 uscir
862 3012 910 3072 for
931 3012 967 3070 de
988 3013 1017 3073 le
1030 3015 1109 3074 croci
1131 3015 1172 3074 fin
1186 3017 1217 3075 al
1231 3019 1272 3077 fln
1287 3019 1336 3079 del
1350 3021 1476 3096 quadro.

148 3115 241 3178 Dicta
260 3119 371 3196 gamba
392 3126 487 3176 storta
508 3117 558 3176 uol
580 3131 663 3175 esser
683 3131 790 3192 grossa
811 3115 847 3173 de
869 3113 898 3172 le
913 3132 991 3173 noue
1004 3117 1084 3192 parti
1105 3117 1187 3190 luna,
1209 3120 1367 3180 terminata
1389 3123 1479 3183 sutile

149 3219 179 3278 in
199 3227 292 3296 ponta
312 3217 483 3296 nellangulo
497 3217 546 3276 del
563 3217 677 3292 quadro
693 3215 800 3274 amodo
822 3215 861 3274 de
873 3217 1042 3276 curuelinee
1064 3225 1098 3277 ut
1111 3219 1161 3278 hie
1181 3220 1213 3278 in
1227 3221 1364 3300 exemplo
1386 3229 1480 3299 patet.

279 3717 300 3775 S

236 3869 352 3945 Quanta
372 3869 479 3930 lettera
500 3869 550 3932 .S.
573 3889 605 3931 se
628 3891 704 3932 caua
725 3871 762 3931 de
783 3881 850 3930 octo
872 3871 954 3930 tondi
977 3872 1004 3929 ἀ
1026 3879 1132 3948 questa
1153 3871 1197 3932 sie
1218 3873 1249 3933 la
1270 3891 1325 3935 sua
1345 3875 1482 3956 Ragione

154 3979 188 4033 ut
209 3971 258 4031 hie
278 3973 309 4032 in
330 3972 470 4050 exemplo
492 3983 630 4049 apparet3
652 3973 674 4031 li
690 3971 772 4050 quali
793 3991 846 4050 per
867 3974 896 4032 le
918 3991 971 4033 sue
993 3973 1136 4050 paralelle
1157 3977 1304 4036 trouando
1325 3977 1373 4036 lor
1387 3977 1481 4038 centri

155 4074 286 4132 trouerai
308 4073 401 4149 quelli
422 4071 459 4132 de
481 4081 561 4132 sotto
584 4091 668 4134 esser
682 4073 808 4150 magiori
831 4073 867 4133 de
889 4073 911 4130 li
934 4073 971 4131 de
991 4091 1082 4150 sopra
1103 4091 1143 4133 un
1158 4083 1239 4134 terzo
1262 4075 1311 4136 del
1332 4095 1411 4136 nono
1433 4074 1481 4138 del

153 4191 210 4234 nuo
238 4172 363 4250 quadro.
415 4171 462 4232 La
487 4175 596 4250 pancia
621 4175 658 4232 de
693 4191 795 4233 mezzo
821 4174 872 4233 nol
900 4192 982 4232 esser
1008 4191 1117 4251 grossa
1143 4175 1171 4232 el
1196 4194 1277 4236 nono
1305 4187 1415 4255 aponto
1443 4180 1481 4238 de

152 4274 272 4334 lalteza.
304 4273 349 4333 Le
364 4274 447 4333 sutili
469 4293 508 4332 un
531 4283 612 4334 terzo
629 4275 666 4335 de
681 4275 712 4332 la
726 4291 870 4353 grosseza
883 4274 1069 4334 terminando
1091 4275 1120 4334 le
1134 4285 1210 4336 teste
1232 4297 1287 4336 con
1303 4296 1359 4338 sua
1373 4279 1478 4358 gratia.
