<?xml version="1.0" encoding="UTF-8"?>
<!DOCTYPE html PUBLIC "-//W3C//DTD XHTML 1.0 Transitional//EN"
    "http://www.w3.org/TR/xhtml1/DTD/xhtml1-transitional.dtd">
<html xmlns="http://www.w3.org/1999/xhtml" xml:lang="en" lang="en">
 <head>
  <title>
</title>
<meta http-equiv="Content-Type" content="text/html;charset=utf-8" />
  <meta name='ocr-system' content='tesseract 3.04.00' />
  <meta name='ocr-capabilities' content='ocr_page ocr_carea ocr_par ocr_line ocrx_word'/>
</head>
<body>
  <div class='ocr_page' id='page_1' title='image "./ephemerisepigra01henzgoog_0167.png"; bbox 0 0 3858 5960; ppageno 0'>
   <div class='ocr_carea' id='block_1_1' title="bbox 391 663 1141 750">
    <p class='ocr_par' dir='ltr' id='par_1_1' title="bbox 391 663 1141 750">
     <span class='ocr_line' id='line_1_1' title="bbox 391 663 1141 750; baseline -0.017 -17"><span class='ocrx_word' id='word_1_1' title='bbox 391 663 461 733; x_wconf 84' lang='lat'>146</span> <span class='ocrx_word' id='word_1_2' title='bbox 799 739 803 750; x_wconf 30' lang='grc' dir='ltr'>Ι</span> <span class='ocrx_word' id='word_1_3' title='bbox 959 667 1141 722; x_wconf 81' lang='lat' dir='ltr'>nonusnn</span> 
     </span>
    </p>
   </div>
   <div class='ocr_carea' id='block_1_2' title="bbox 388 835 1717 1222">
    <p class='ocr_par' dir='ltr' id='par_1_2' title="bbox 388 835 1717 1222">
     <span class='ocr_line' id='line_1_2' title="bbox 472 835 1716 916; baseline -0.011 -9"><span class='ocrx_word' id='word_1_4' title='bbox 472 849 586 908; x_wconf 79' lang='lat' dir='ltr'>Crasso</span> <span class='ocrx_word' id='word_1_5' title='bbox 607 843 722 905; x_wconf 92' lang='lat' dir='ltr'>consuli</span> <span class='ocrx_word' id='word_1_6' title='bbox 743 861 770 901; x_wconf 87' lang='lat' dir='ltr'>a.</span> <span class='ocrx_word' id='word_1_7' title='bbox 786 839 824 900; x_wconf 85' lang='grc'>27</span> <span class='ocrx_word' id='word_1_8' title='bbox 848 841 951 916; x_wconf 81' lang='lat' dir='ltr'>nupsit</span> <span class='ocrx_word' id='word_1_9' title='bbox 965 837 1122 901; x_wconf 88' lang='lat' dir='ltr'>Scribonia</span> <span class='ocrx_word' id='word_1_10' title='bbox 1143 836 1296 896; x_wconf 85' lang='lat' dir='ltr'>nominate</span> <span class='ocrx_word' id='word_1_11' title='bbox 1316 836 1397 913; x_wconf 89' lang='lat' dir='ltr'>apud</span> <span class='ocrx_word' id='word_1_12' title='bbox 1412 835 1557 898; x_wconf 80' lang='lat' dir='ltr'><strong>Senecam</strong></span> <span class='ocrx_word' id='word_1_13' title='bbox 1578 835 1624 912; x_wconf 92' lang='lat' dir='ltr'>(in</span> <span class='ocrx_word' id='word_1_14' title='bbox 1643 855 1716 913; x_wconf 88' lang='lat' dir='ltr'>apo·</span> 
     </span>
     <span class='ocr_line' id='line_1_3' title="bbox 388 933 1716 1023; baseline -0.011 -12"><span class='ocrx_word' id='word_1_15' title='bbox 388 951 503 1010; x_wconf 83' lang='lat' dir='ltr'>theosis</span> <span class='ocrx_word' id='word_1_16' title='bbox 518 968 543 1008; x_wconf 91' lang='lat' dir='ltr'>c.</span> <span class='ocrx_word' id='word_1_17' title='bbox 558 947 609 1023; x_wconf 93' lang='grc'>11)</span> <span class='ocrx_word' id='word_1_18' title='bbox 623 953 653 1004; x_wconf 89' lang='lat' dir='ltr'>et</span> <span class='ocrx_word' id='word_1_19' title='bbox 667 944 804 1003; x_wconf 88' lang='lat' dir='ltr'>Tacitum</span> <span class='ocrx_word' id='word_1_20' title='bbox 820 941 904 1017; x_wconf 91' lang='lat' dir='ltr'>(hist.</span> <span class='ocrx_word' id='word_1_21' title='bbox 922 943 948 1014; x_wconf 94' lang='lat' dir='ltr'>l,</span> <span class='ocrx_word' id='word_1_22' title='bbox 963 941 1015 1016; x_wconf 95' lang='grc'>11)</span> <span class='ocrx_word' id='word_1_23' title='bbox 1030 947 1061 998; x_wconf 92' lang='lat' dir='ltr'>et</span> <span class='ocrx_word' id='word_1_24' title='bbox 1074 938 1268 997; x_wconf 75' lang='lat' dir='ltr'><strong>Plutarchum</strong></span> <span class='ocrx_word' id='word_1_25' title='bbox 1284 933 1389 1012; x_wconf 85' lang='lat' dir='ltr'>(Galb.</span> <span class='ocrx_word' id='word_1_26' title='bbox 1400 935 1467 1013; x_wconf 85' lang='grc'><strong>23),</strong></span> <span class='ocrx_word' id='word_1_27' title='bbox 1488 938 1574 997; x_wconf 90' lang='lat' dir='ltr'>cuius</span> <span class='ocrx_word' id='word_1_28' title='bbox 1589 945 1716 996; x_wconf 88' lang='lat' dir='ltr'>stemma</span> 
     </span>
     <span class='ocr_line' id='line_1_4' title="bbox 389 1037 1717 1119; baseline -0.011 -8"><span class='ocrx_word' id='word_1_29' title='bbox 389 1051 503 1110; x_wconf 89' lang='lat' dir='ltr'>subieci</span> <span class='ocrx_word' id='word_1_30' title='bbox 530 1046 714 1106; x_wconf 77' lang='lat' dir='ltr'><strong>emendatius</strong></span> <span class='ocrx_word' id='word_1_31' title='bbox 742 1044 849 1119; x_wconf 87' lang='lat' dir='ltr'>opinor</span> <span class='ocrx_word' id='word_1_32' title='bbox 877 1059 913 1099; x_wconf 90' lang='lat' dir='ltr'>eo</span> <span class='ocrx_word' id='word_1_33' title='bbox 940 1039 1020 1116; x_wconf 91' lang='lat' dir='ltr'>qued</span> <span class='ocrx_word' id='word_1_34' title='bbox 1047 1038 1203 1115; x_wconf 76' lang='lat' dir='ltr'>proposuit</span> <span class='ocrx_word' id='word_1_35' title='bbox 1231 1037 1475 1116; x_wconf 88' lang='lat' dir='ltr'>Borghesius¹);</span> <span class='ocrx_word' id='word_1_36' title='bbox 1504 1039 1542 1097; x_wconf 86' lang='lat' dir='ltr'>ab</span> <span class='ocrx_word' id='word_1_37' title='bbox 1571 1055 1608 1097; x_wconf 89' lang='lat' dir='ltr'>eo</span> <span class='ocrx_word' id='word_1_38' title='bbox 1636 1038 1717 1096; x_wconf 92' lang='lat' dir='ltr'>enim</span> 
     </span>
     <span class='ocr_line' id='line_1_5' title="bbox 390 1138 1194 1222; baseline -0.017 -12"><span class='ocrx_word' id='word_1_39' title='bbox 390 1156 546 1210; x_wconf 90' lang='lat' dir='ltr'>stemmate</span> <span class='ocrx_word' id='word_1_40' title='bbox 568 1149 643 1208; x_wconf 89' lang='lat' dir='ltr'>baec</span> <span class='ocrx_word' id='word_1_41' title='bbox 666 1144 831 1222; x_wconf 89' lang='lat' dir='ltr'>disputatio</span> <span class='ocrx_word' id='word_1_42' title='bbox 853 1143 901 1201; x_wconf 90' lang='lat' dir='ltr'>vel</span> <span class='ocrx_word' id='word_1_43' title='bbox 922 1142 1054 1200; x_wconf 88' lang='lat' dir='ltr'>maxime</span> <span class='ocrx_word' id='word_1_44' title='bbox 1075 1138 1194 1216; x_wconf 82' lang='lat' dir='ltr'>pendet.</span> 
     </span>
    </p>
   </div>
   <div class='ocr_carea' id='block_1_3' title="bbox 410 1254 1695 1515">
    <p class='ocr_par' dir='ltr' id='par_1_3' title="bbox 410 1254 1695 1515">
     <span class='ocr_line' id='line_1_6' title="bbox 410 1254 1695 1375; baseline -0.01 -14"><span class='ocrx_word' id='word_1_45' title='bbox 410 1301 465 1361; x_wconf 90' lang='lat' dir='ltr'>Cn.</span> <span class='ocrx_word' id='word_1_46' title='bbox 477 1298 639 1375; x_wconf 90' lang='lat' dir='ltr'>Pompeius</span> <span class='ocrx_word' id='word_1_47' title='bbox 650 1296 777 1374; x_wconf 82' lang='lat' dir='ltr'>Magnus</span> <span class='ocrx_word' id='word_1_48' title='bbox 809 1254 1400 1356; x_wconf 56' lang='lat' dir='ltr'><em>m</em></span> <span class='ocrx_word' id='word_1_49' title='bbox 1411 1317 1448 1346; x_wconf 73' lang='grc' dir='ltr'><strong><em>υ</em></strong></span> <span class='ocrx_word' id='word_1_50' title='bbox 1461 1289 1576 1349; x_wconf 83' lang='lat' dir='ltr'>Caesar</span> <span class='ocrx_word' id='word_1_51' title='bbox 1588 1299 1695 1367; x_wconf 83' lang='lat' dir='ltr'>postes</span> 
     </span>
     <span class='ocr_line' id='line_1_7' title="bbox 553 1369 1676 1515; baseline -0.005 -77"><span class='ocrx_word' id='word_1_52' title='bbox 553 1379 649 1451; x_wconf 84' lang='lat'>†706</span> <span class='ocrx_word' id='word_1_53' title='bbox 936 1390 998 1434; x_wconf 86' lang='lat' dir='ltr'>cos.</span> <span class='ocrx_word' id='word_1_54' title='bbox 1015 1370 1075 1431; x_wconf 77' lang='grc'>720</span> <span class='ocrx_word' id='word_1_55' title='bbox 1426 1369 1431 1515; x_wconf 55' lang='lat' dir='ltr'>p</span> <span class='ocrx_word' id='word_1_56' title='bbox 1480 1371 1676 1451; x_wconf 72' lang='lat' dir='ltr'>Augustus²i</span> 
     </span>
    </p>
   </div>
   <div class='ocr_carea' id='block_1_4' title="bbox 421 1451 1642 1613">
    <p class='ocr_par' dir='ltr' id='par_1_4' title="bbox 421 1451 1642 1613">
     <span class='ocr_line' id='line_1_8' title="bbox 421 1451 1642 1613; baseline -0.01 -17"><span class='ocrx_word' id='word_1_57' title='bbox 421 1534 493 1597; x_wconf 86' lang='lat' dir='ltr'>Sex.</span> <span class='ocrx_word' id='word_1_58' title='bbox 517 1460 679 1611; x_wconf 59' lang='lat' dir='ltr'>Pomdeius</span> <span class='ocrx_word' id='word_1_59' title='bbox 702 1531 829 1609; x_wconf 82' lang='lat' dir='ltr'>Magnus</span> <span class='ocrx_word' id='word_1_60' title='bbox 863 1561 900 1589; x_wconf 68' lang='grc' dir='ltr'><strong><em>υ</em></strong></span> <span class='ocrx_word' id='word_1_61' title='bbox 936 1451 1093 1590; x_wconf 59' lang='lat' dir='ltr'>Scrdbonia</span> <span class='ocrx_word' id='word_1_62' title='bbox 1378 1527 1470 1613; x_wconf 26' lang='lat' dir='ltr'>§Iulia</span> <span class='ocrx_word' id='word_1_63' title='bbox 1488 1534 1560 1586; x_wconf 87' lang='lat' dir='ltr'>nats</span> <span class='ocrx_word' id='word_1_64' title='bbox 1580 1525 1642 1585; x_wconf 86' lang='grc'>715</span> 
     </span>
    </p>
   </div>
   <div class='ocr_carea' id='block_1_5' title="bbox 561 1606 1430 1754">
    <p class='ocr_par' dir='ltr' id='par_1_5' title="bbox 561 1606 1430 1754">
     <span class='ocr_line' id='line_1_9' title="bbox 561 1606 1430 1754; baseline -0.006 -80"><span class='ocrx_word' id='word_1_65' title='bbox 561 1615 664 1688; x_wconf 67' lang='grc'>1119</span> <span class='ocrx_word' id='word_1_66' title='bbox 877 1609 883 1754; x_wconf 78' lang='grc'>1</span> <span class='ocrx_word' id='word_1_67' title='bbox 1310 1655 1311 1659; x_wconf 65' lang='lat'>,</span> <span class='ocrx_word' id='word_1_68' title='bbox 1426 1606 1430 1750; x_wconf 53' lang='lat' dir='ltr'>p</span> 
     </span>
    </p>
   </div>
   <div class='ocr_carea' id='block_1_6' title="bbox 410 1761 1715 1992">
    <p class='ocr_par' dir='ltr' id='par_1_6' title="bbox 410 1761 1715 1992">
     <span class='ocr_line' id='line_1_10' title="bbox 410 1761 1715 1992; baseline -0.008 -162"><span class='ocrx_word' id='word_1_69' title='bbox 410 1772 447 1830; x_wconf 84' lang='lat' dir='ltr'>L.</span> <span class='ocrx_word' id='word_1_70' title='bbox 464 1769 639 1832; x_wconf 81' lang='lat' dir='ltr'>Scribonius</span> <span class='ocrx_word' id='word_1_71' title='bbox 654 1769 732 1828; x_wconf 90' lang='lat' dir='ltr'>Libo</span> <span class='ocrx_word' id='word_1_72' title='bbox 754 1799 792 1992; x_wconf 55' lang='grc' dir='ltr'>»Ιι</span> <span class='ocrx_word' id='word_1_73' title='bbox 815 1766 960 1844; x_wconf 90' lang='lat' dir='ltr'>Pompeia</span> <span class='ocrx_word' id='word_1_74' title='bbox 1352 1763 1520 1841; x_wconf 84' lang='lat' dir='ltr'>Agrippina</span> <span class='ocrx_word' id='word_1_75' title='bbox 1535 1793 1573 1992; x_wconf 58' lang='lat' dir='ltr'>s&#39;a</span> <span class='ocrx_word' id='word_1_76' title='bbox 1589 1761 1715 1860; x_wconf 74' lang='lat' dir='ltr'>Germa-</span> 
     </span>
     <span class='ocr_line' id='line_1_11' title="bbox 1609 1863 1694 1904; baseline 0 0"><span class='ocrx_word' id='word_1_77' title='bbox 1609 1863 1694 1904; x_wconf 88' lang='lat' dir='ltr'>mous</span> 
     </span>
    </p>
   </div>
   <div class='ocr_carea' id='block_1_7' title="bbox 409 2046 1717 2296">
    <p class='ocr_par' dir='ltr' id='par_1_7' title="bbox 409 2046 1717 2296">
     <span class='ocr_line' id='line_1_12' title="bbox 409 2046 1717 2118; baseline -0.007 -2"><span class='ocrx_word' id='word_1_78' title='bbox 409 2059 445 2117; x_wconf 89' lang='lat' dir='ltr'>L.</span> <span class='ocrx_word' id='word_1_79' title='bbox 458 2056 577 2118; x_wconf 90' lang='lat' dir='ltr'>Scribo·</span> <span class='ocrx_word' id='word_1_80' title='bbox 598 2057 638 2115; x_wconf 88' lang='lat' dir='ltr'>M.</span> <span class='ocrx_word' id='word_1_81' title='bbox 653 2055 773 2117; x_wconf 89' lang='lat' dir='ltr'>Scribo·</span> <span class='ocrx_word' id='word_1_82' title='bbox 794 2053 953 2115; x_wconf 90' lang='lat' dir='ltr'>Scribonia</span> <span class='ocrx_word' id='word_1_83' title='bbox 964 2078 1003 2105; x_wconf 78' lang='grc' dir='ltr'><strong><em>υ</em></strong></span> <span class='ocrx_word' id='word_1_84' title='bbox 1016 2051 1056 2110; x_wconf 82' lang='grc'>11.</span> <span class='ocrx_word' id='word_1_85' title='bbox 1068 2049 1200 2111; x_wconf 78' lang='lat' dir='ltr'>Crassus</span> <span class='ocrx_word' id='word_1_86' title='bbox 1222 2049 1304 2109; x_wconf 86' lang='lat' dir='ltr'>Nero</span> <span class='ocrx_word' id='word_1_87' title='bbox 1317 2049 1392 2110; x_wconf 91' lang='lat' dir='ltr'>Cae·</span> <span class='ocrx_word' id='word_1_88' title='bbox 1413 2051 1534 2110; x_wconf 91' lang='lat' dir='ltr'>Drusus</span> <span class='ocrx_word' id='word_1_89' title='bbox 1556 2049 1590 2110; x_wconf 92' lang='lat' dir='ltr'>C.</span> <span class='ocrx_word' id='word_1_90' title='bbox 1603 2046 1717 2110; x_wconf 81' lang='lat' dir='ltr'>Caesar</span> 
     </span>
     <span class='ocr_line' id='line_1_13' title="bbox 417 2131 1713 2209; baseline -0.005 -11"><span class='ocrx_word' id='word_1_91' title='bbox 417 2142 484 2199; x_wconf 86' lang='lat' dir='ltr'>nius</span> <span class='ocrx_word' id='word_1_92' title='bbox 499 2139 535 2198; x_wconf 88' lang='lat' dir='ltr'>L.</span> <span class='ocrx_word' id='word_1_93' title='bbox 550 2139 571 2197; x_wconf 83' lang='lat' dir='ltr'>i&#39;.</span> <span class='ocrx_word' id='word_1_94' title='bbox 604 2137 768 2197; x_wconf 78' lang='lat' dir='ltr'>niuslribo</span> <span class='ocrx_word' id='word_1_95' title='bbox 1017 2135 1111 2209; x_wconf 78' lang='lat' dir='ltr'>Frugi</span> <span class='ocrx_word' id='word_1_96' title='bbox 1123 2150 1185 2192; x_wconf 90' lang='lat' dir='ltr'>cos.</span> <span class='ocrx_word' id='word_1_97' title='bbox 1250 2151 1301 2191; x_wconf 90' lang='lat' dir='ltr'>aar</span> <span class='ocrx_word' id='word_1_98' title='bbox 1322 2151 1351 2191; x_wconf 92' lang='lat' dir='ltr'>n.</span> <span class='ocrx_word' id='word_1_99' title='bbox 1414 2131 1529 2193; x_wconf 83' lang='lat' dir='ltr'>Caesar</span> <span class='ocrx_word' id='word_1_100' title='bbox 1555 2153 1585 2192; x_wconf 93' lang='lat' dir='ltr'>n.</span> <span class='ocrx_word' id='word_1_101' title='bbox 1602 2133 1713 2192; x_wconf 78' lang='lat'><strong>765=</strong></span> 
     </span>
     <span class='ocr_line' id='line_1_14' title="bbox 420 2214 1652 2296; baseline -0.004 -17"><span class='ocrx_word' id='word_1_102' title='bbox 420 2221 571 2280; x_wconf 88' lang='lat' dir='ltr'>Libocos.</span> <span class='ocrx_word' id='word_1_103' title='bbox 608 2220 766 2296; x_wconf 81' lang='lat' dir='ltr'>Drusus³)</span> <span class='ocrx_word' id='word_1_104' title='bbox 1019 2214 1189 2276; x_wconf 82' lang='grc'><strong>780--27</strong></span> <span class='ocrx_word' id='word_1_105' title='bbox 1235 2215 1383 2273; x_wconf 81' lang='lat' dir='ltr'>760=t</span> <span class='ocrx_word' id='word_1_106' title='bbox 1615 2215 1652 2276; x_wconf 77' lang='lat'>12</span> 
     </span>
    </p>
   </div>
   <div class='ocr_carea' id='block_1_8' title="bbox 410 2302 746 2442">
    <p class='ocr_par' dir='ltr' id='par_1_8' title="bbox 410 2302 746 2442">
     <span class='ocr_line' id='line_1_15' title="bbox 410 2302 746 2442; baseline -0.006 -80"><span class='ocrx_word' id='word_1_107' title='bbox 410 2303 575 2363; x_wconf 81' lang='lat' dir='ltr'>tea=1e</span> <span class='ocrx_word' id='word_1_108' title='bbox 617 2321 662 2379; x_wconf 72' lang='lat' dir='ltr'>pr.</span> <span class='ocrx_word' id='word_1_109' title='bbox 686 2302 746 2442; x_wconf 70' lang='lat' dir='ltr'>ppo</span> 
     </span>
    </p>
   </div>
   <div class='ocr_carea' id='block_1_9' title="bbox 389 2479 1718 3563">
    <p class='ocr_par' dir='ltr' id='par_1_9' title="bbox 389 2479 1718 3563">
     <span class='ocr_line' id='line_1_16' title="bbox 472 2479 1717 2558; baseline -0.004 -14"><span class='ocrx_word' id='word_1_110' title='bbox 472 2485 510 2544; x_wconf 91' lang='lat' dir='ltr'>Iu</span> <span class='ocrx_word' id='word_1_111' title='bbox 525 2483 712 2547; x_wconf 88' lang='lat' dir='ltr'>Scriboniam</span> <span class='ocrx_word' id='word_1_112' title='bbox 727 2481 831 2543; x_wconf 90' lang='lat' dir='ltr'>Crassi</span> <span class='ocrx_word' id='word_1_113' title='bbox 853 2500 978 2540; x_wconf 86' lang='lat' dir='ltr'>uxorem</span> <span class='ocrx_word' id='word_1_114' title='bbox 1000 2499 1067 2540; x_wconf 90' lang='lat' dir='ltr'>cum</span> <span class='ocrx_word' id='word_1_115' title='bbox 1089 2481 1160 2539; x_wconf 91' lang='lat' dir='ltr'>item</span> <span class='ocrx_word' id='word_1_116' title='bbox 1182 2480 1342 2540; x_wconf 87' lang='lat' dir='ltr'>conveniat</span> <span class='ocrx_word' id='word_1_117' title='bbox 1361 2481 1441 2556; x_wconf 90' lang='lat' dir='ltr'>qnod</span> <span class='ocrx_word' id='word_1_118' title='bbox 1463 2479 1500 2538; x_wconf 92' lang='lat' dir='ltr'>de</span> <span class='ocrx_word' id='word_1_119' title='bbox 1520 2481 1612 2539; x_wconf 77' lang='lat' dir='ltr'>fratre</span> <span class='ocrx_word' id='word_1_120' title='bbox 1631 2499 1717 2558; x_wconf 89' lang='lat' dir='ltr'>prae-</span> 
     </span>
     <span class='ocr_line' id='line_1_17' title="bbox 389 2580 1717 2662; baseline -0.005 -17"><span class='ocrx_word' id='word_1_121' title='bbox 389 2585 470 2646; x_wconf 87' lang='lat' dir='ltr'>dicat</span> <span class='ocrx_word' id='word_1_122' title='bbox 490 2586 615 2644; x_wconf 76' lang='lat' dir='ltr'>Tacitus</span> <span class='ocrx_word' id='word_1_123' title='bbox 638 2583 721 2660; x_wconf 90' lang='lat' dir='ltr'>(ann.</span> <span class='ocrx_word' id='word_1_124' title='bbox 735 2583 775 2662; x_wconf 71' lang='lat'>2,</span> <span class='ocrx_word' id='word_1_125' title='bbox 796 2582 850 2660; x_wconf 82' lang='lat' dir='ltr'>nt)</span> <span class='ocrx_word' id='word_1_126' title='bbox 879 2599 1024 2660; x_wconf 86' lang='lat' dir='ltr'>proavum</span> <span class='ocrx_word' id='word_1_127' title='bbox 1048 2582 1077 2638; x_wconf 92' lang='lat' dir='ltr'>ei</span> <span class='ocrx_word' id='word_1_128' title='bbox 1103 2581 1198 2639; x_wconf 81' lang='lat' dir='ltr'>inisse</span> <span class='ocrx_word' id='word_1_129' title='bbox 1223 2580 1415 2657; x_wconf 87' lang='lat' dir='ltr'>Pompeium,</span> <span class='ocrx_word' id='word_1_130' title='bbox 1443 2581 1564 2640; x_wconf 85' lang='lat' dir='ltr'>smitam</span> <span class='ocrx_word' id='word_1_131' title='bbox 1595 2582 1717 2658; x_wconf 84' lang='lat' dir='ltr'>(nempe</span> 
     </span>
     <span class='ocr_line' id='line_1_18' title="bbox 389 2680 1718 2761; baseline -0.003 -17"><span class='ocrx_word' id='word_1_132' title='bbox 389 2687 510 2746; x_wconf 90' lang='lat' dir='ltr'>amitam</span> <span class='ocrx_word' id='word_1_133' title='bbox 532 2687 685 2756; x_wconf 87' lang='lat' dir='ltr'>maiorem,</span> <span class='ocrx_word' id='word_1_134' title='bbox 707 2685 813 2761; x_wconf 80' lang='lat' dir='ltr'>proavi</span> <span class='ocrx_word' id='word_1_135' title='bbox 835 2681 982 2757; x_wconf 89' lang='lat' dir='ltr'>sorerem)</span> <span class='ocrx_word' id='word_1_136' title='bbox 1003 2680 1189 2743; x_wconf 85' lang='lat' dir='ltr'>Scriboniam</span> <span class='ocrx_word' id='word_1_137' title='bbox 1205 2682 1347 2759; x_wconf 77' lang='lat' dir='ltr'>Augusti,</span> <span class='ocrx_word' id='word_1_138' title='bbox 1369 2682 1566 2741; x_wconf 90' lang='lat' dir='ltr'>consobrinos</span> <span class='ocrx_word' id='word_1_139' title='bbox 1588 2682 1718 2760; x_wconf 87' lang='lat' dir='ltr'>(scilicet</span> 
     </span>
     <span class='ocr_line' id='line_1_19' title="bbox 389 2781 1716 2863; baseline -0.003 -19"><span class='ocrx_word' id='word_1_140' title='bbox 389 2787 495 2846; x_wconf 87' lang='lat' dir='ltr'>latiore</span> <span class='ocrx_word' id='word_1_141' title='bbox 517 2785 744 2863; x_wconf 82' lang='lat' dir='ltr'>significatione,</span> <span class='ocrx_word' id='word_1_142' title='bbox 765 2801 826 2860; x_wconf 85' lang='lat' dir='ltr'>qua</span> <span class='ocrx_word' id='word_1_143' title='bbox 839 2782 1016 2842; x_wconf 82' lang='lat' dir='ltr'>vocabulum</span> <span class='ocrx_word' id='word_1_144' title='bbox 1044 2781 1250 2857; x_wconf 79' lang='lat' dir='ltr'>complectitur</span> <span class='ocrx_word' id='word_1_145' title='bbox 1271 2781 1361 2840; x_wconf 85' lang='lat' dir='ltr'>etium</span> <span class='ocrx_word' id='word_1_146' title='bbox 1382 2789 1469 2842; x_wconf 90' lang='lat' dir='ltr'>natos</span> <span class='ocrx_word' id='word_1_147' title='bbox 1490 2801 1528 2841; x_wconf 88' lang='lat' dir='ltr'>ex</span> <span class='ocrx_word' id='word_1_148' title='bbox 1542 2784 1716 2860; x_wconf 88' lang='lat' dir='ltr'>parentibus</span> 
     </span>
     <span class='ocr_line' id='line_1_20' title="bbox 389 2880 1716 2961; baseline -0.001 -17"><span class='ocrx_word' id='word_1_149' title='bbox 389 2887 467 2946; x_wconf 91' lang='lat' dir='ltr'>inter</span> <span class='ocrx_word' id='word_1_150' title='bbox 493 2905 525 2946; x_wconf 91' lang='lat' dir='ltr'>se</span> <span class='ocrx_word' id='word_1_151' title='bbox 554 2885 700 2961; x_wconf 87' lang='lat' dir='ltr'>sobrinis)</span> <span class='ocrx_word' id='word_1_152' title='bbox 727 2882 889 2954; x_wconf 84' lang='lat' dir='ltr'>Caesares,</span> <span class='ocrx_word' id='word_1_153' title='bbox 916 2883 1056 2940; x_wconf 91' lang='lat' dir='ltr'>nimirum</span> <span class='ocrx_word' id='word_1_154' title='bbox 1084 2881 1272 2960; x_wconf 80' lang='lat' dir='ltr'>Agrippinae</span> <span class='ocrx_word' id='word_1_155' title='bbox 1297 2881 1376 2940; x_wconf 92' lang='lat' dir='ltr'>iiiios</span> <span class='ocrx_word' id='word_1_156' title='bbox 1403 2880 1555 2942; x_wconf 88' lang='lat' dir='ltr'>Neronem</span> <span class='ocrx_word' id='word_1_157' title='bbox 1580 2883 1716 2943; x_wconf 88' lang='lat' dir='ltr'>Drusum</span> 
     </span>
     <span class='ocr_line' id='line_1_21' title="bbox 391 2980 1716 3062; baseline -0.001 -17"><span class='ocrx_word' id='word_1_158' title='bbox 391 2985 517 3058; x_wconf 83' lang='lat' dir='ltr'>Gaium,</span> <span class='ocrx_word' id='word_1_159' title='bbox 540 2987 593 3044; x_wconf 83' lang='lat' dir='ltr'>vix</span> <span class='ocrx_word' id='word_1_160' title='bbox 615 2985 678 3044; x_wconf 91' lang='lat' dir='ltr'>ulia</span> <span class='ocrx_word' id='word_1_161' title='bbox 697 2985 805 3043; x_wconf 89' lang='lat' dir='ltr'>domus</span> <span class='ocrx_word' id='word_1_162' title='bbox 827 3003 863 3042; x_wconf 92' lang='lat' dir='ltr'>eo</span> <span class='ocrx_word' id='word_1_163' title='bbox 885 2991 1018 3061; x_wconf 86' lang='lat' dir='ltr'>tempore</span> <span class='ocrx_word' id='word_1_164' title='bbox 1039 2983 1096 3040; x_wconf 85' lang='lat' dir='ltr'>fuit</span> <span class='ocrx_word' id='word_1_165' title='bbox 1117 2999 1227 3056; x_wconf 87' lang='lat' dir='ltr'>aeque,</span> <span class='ocrx_word' id='word_1_166' title='bbox 1254 2988 1288 3040; x_wconf 90' lang='lat' dir='ltr'>ut</span> <span class='ocrx_word' id='word_1_167' title='bbox 1308 2980 1433 3040; x_wconf 81' lang='lat' dir='ltr'>Tacitus</span> <span class='ocrx_word' id='word_1_168' title='bbox 1455 2984 1511 3056; x_wconf 86' lang='lat' dir='ltr'>ait,</span> <span class='ocrx_word' id='word_1_169' title='bbox 1536 2984 1716 3062; x_wconf 83' lang='lat' dir='ltr'>imaginibus</span> 
     </span>
     <span class='ocr_line' id='line_1_22' title="bbox 389 3082 1716 3164; baseline 0.001 -19"><span class='ocrx_word' id='word_1_170' title='bbox 389 3087 488 3164; x_wconf 84' lang='lat' dir='ltr'>piena</span> <span class='ocrx_word' id='word_1_171' title='bbox 531 3087 567 3144; x_wconf 94' lang='lat' dir='ltr'>Id</span> <span class='ocrx_word' id='word_1_172' title='bbox 593 3085 673 3162; x_wconf 92' lang='lat' dir='ltr'>quod</span> <span class='ocrx_word' id='word_1_173' title='bbox 696 3085 784 3144; x_wconf 89' lang='lat' dir='ltr'>etiam</span> <span class='ocrx_word' id='word_1_174' title='bbox 811 3085 908 3160; x_wconf 89' lang='lat' dir='ltr'>magis</span> <span class='ocrx_word' id='word_1_175' title='bbox 929 3085 1046 3142; x_wconf 89' lang='lat' dir='ltr'>obtinet</span> <span class='ocrx_word' id='word_1_176' title='bbox 1066 3083 1104 3140; x_wconf 91' lang='lat' dir='ltr'>de</span> <span class='ocrx_word' id='word_1_177' title='bbox 1125 3082 1214 3139; x_wconf 93' lang='lat' dir='ltr'>domo</span> <span class='ocrx_word' id='word_1_178' title='bbox 1235 3082 1266 3138; x_wconf 91' lang='lat' dir='ltr'>in</span> <span class='ocrx_word' id='word_1_179' title='bbox 1289 3100 1378 3157; x_wconf 86' lang='lat' dir='ltr'>quam</span> <span class='ocrx_word' id='word_1_180' title='bbox 1400 3082 1468 3160; x_wconf 89' lang='lat' dir='ltr'>ipsa</span> <span class='ocrx_word' id='word_1_181' title='bbox 1488 3083 1615 3144; x_wconf 85' lang='lat' dir='ltr'>deducta</span> <span class='ocrx_word' id='word_1_182' title='bbox 1635 3095 1716 3146; x_wconf 87' lang='lat' dir='ltr'>esset</span> 
     </span>
     <span class='ocr_line' id='line_1_23' title="bbox 390 3181 1716 3263; baseline 0 -19"><span class='ocrx_word' id='word_1_183' title='bbox 390 3205 458 3244; x_wconf 84' lang='lat' dir='ltr'>cunr</span> <span class='ocrx_word' id='word_1_184' title='bbox 481 3186 544 3245; x_wconf 89' lang='lat' dir='ltr'>suis</span> <span class='ocrx_word' id='word_1_185' title='bbox 566 3186 747 3263; x_wconf 83' lang='lat' dir='ltr'>imaginibus</span> <span class='ocrx_word' id='word_1_186' title='bbox 769 3183 952 3242; x_wconf 83' lang='lat' dir='ltr'>Liciniorum</span> <span class='ocrx_word' id='word_1_187' title='bbox 969 3181 1151 3242; x_wconf 84' lang='lat' dir='ltr'>Crassorum</span> <span class='ocrx_word' id='word_1_188' title='bbox 1173 3181 1282 3259; x_wconf 81' lang='lat' dir='ltr'>Frugi3</span> <span class='ocrx_word' id='word_1_189' title='bbox 1304 3201 1373 3240; x_wconf 89' lang='lat' dir='ltr'>nam</span> <span class='ocrx_word' id='word_1_190' title='bbox 1394 3192 1512 3258; x_wconf 87' lang='lat' dir='ltr'>praeter</span> <span class='ocrx_word' id='word_1_191' title='bbox 1531 3185 1616 3262; x_wconf 88' lang='lat' dir='ltr'>ipsos</span> <span class='ocrx_word' id='word_1_192' title='bbox 1636 3185 1716 3244; x_wconf 85' lang='lat' dir='ltr'>Lici·</span> 
     </span>
     <span class='ocr_line' id='line_1_24' title="bbox 390 3282 1716 3362; baseline 0.001 -17"><span class='ocrx_word' id='word_1_193' title='bbox 390 3287 457 3346; x_wconf 84' lang='lat' dir='ltr'>nius</span> <span class='ocrx_word' id='word_1_194' title='bbox 479 3283 609 3344; x_wconf 88' lang='lat' dir='ltr'>Crassos</span> <span class='ocrx_word' id='word_1_195' title='bbox 634 3285 724 3343; x_wconf 82' lang='lat' dir='ltr'>trium</span> <span class='ocrx_word' id='word_1_196' title='bbox 752 3285 889 3360; x_wconf 87' lang='lat' dir='ltr'>stirpium</span> <span class='ocrx_word' id='word_1_197' title='bbox 918 3283 1175 3343; x_wconf 86' lang='lat' dir='ltr'>nobilissimarum</span> <span class='ocrx_word' id='word_1_198' title='bbox 1202 3282 1346 3340; x_wconf 89' lang='lat' dir='ltr'>Pisonum</span> <span class='ocrx_word' id='word_1_199' title='bbox 1368 3282 1478 3358; x_wconf 79' lang='lat' dir='ltr'>Frugi,</span> <span class='ocrx_word' id='word_1_200' title='bbox 1504 3285 1716 3362; x_wconf 90' lang='lat' dir='ltr'>Pompeiorum</span> 
     </span>
     <span class='ocr_line' id='line_1_25' title="bbox 390 3381 1717 3464; baseline 0.001 -19"><span class='ocrx_word' id='word_1_201' title='bbox 390 3386 579 3462; x_wconf 84' lang='lat' dir='ltr'>Magnorum,</span> <span class='ocrx_word' id='word_1_202' title='bbox 602 3382 825 3446; x_wconf 84' lang='lat' dir='ltr'>Scriboniorum</span> <span class='ocrx_word' id='word_1_203' title='bbox 843 3383 992 3443; x_wconf 87' lang='lat' dir='ltr'>Libonum</span> <span class='ocrx_word' id='word_1_204' title='bbox 1014 3391 1083 3458; x_wconf 89' lang='lat' dir='ltr'>post</span> <span class='ocrx_word' id='word_1_205' title='bbox 1103 3383 1220 3440; x_wconf 87' lang='lat' dir='ltr'>virilem</span> <span class='ocrx_word' id='word_1_206' title='bbox 1241 3384 1435 3458; x_wconf 79' lang='lat' dir='ltr'>propaginem</span> <span class='ocrx_word' id='word_1_207' title='bbox 1456 3381 1617 3446; x_wconf 82' lang='lat' dir='ltr'>extinctam</span> <span class='ocrx_word' id='word_1_208' title='bbox 1639 3405 1717 3464; x_wconf 89' lang='lat' dir='ltr'>qnae</span> 
     </span>
     <span class='ocr_line' id='line_1_26' title="bbox 390 3483 1716 3563; baseline 0.004 -19"><span class='ocrx_word' id='word_1_209' title='bbox 390 3486 513 3544; x_wconf 88' lang='lat' dir='ltr'>ultimae</span> <span class='ocrx_word' id='word_1_210' title='bbox 535 3484 745 3561; x_wconf 80' lang='lat' dir='ltr'>superfuerant</span> <span class='ocrx_word' id='word_1_211' title='bbox 764 3484 845 3544; x_wconf 84' lang='lat' dir='ltr'>filies</span> <span class='ocrx_word' id='word_1_212' title='bbox 867 3483 1048 3544; x_wconf 83' lang='lat' dir='ltr'>matrimonii</span> <span class='ocrx_word' id='word_1_213' title='bbox 1068 3483 1132 3542; x_wconf 90' lang='lat' dir='ltr'>iure</span> <span class='ocrx_word' id='word_1_214' title='bbox 1154 3485 1186 3542; x_wconf 92' lang='lat' dir='ltr'>in</span> <span class='ocrx_word' id='word_1_215' title='bbox 1200 3501 1266 3542; x_wconf 90' lang='lat' dir='ltr'>eam</span> <span class='ocrx_word' id='word_1_216' title='bbox 1281 3483 1399 3542; x_wconf 90' lang='lat' dir='ltr'>domum</span> <span class='ocrx_word' id='word_1_217' title='bbox 1411 3486 1593 3545; x_wconf 90' lang='lat' dir='ltr'>transierant</span> <span class='ocrx_word' id='word_1_218' title='bbox 1605 3489 1716 3563; x_wconf 87' lang='lat' dir='ltr'>potnit·</span> 
     </span>
    </p>
   </div>
   <div class='ocr_carea' id='block_1_10' title="bbox 364 3729 1738 5333">
    <p class='ocr_par' dir='ltr' id='par_1_10' title="bbox 364 3729 1738 4700">
     <span class='ocr_line' id='line_1_27' title="bbox 468 3729 1716 3799; baseline -0.001 -16"><span class='ocrx_word' id='word_1_219' title='bbox 468 3731 492 3795; x_wconf 86' lang='lat'>¹)</span> <span class='ocrx_word' id='word_1_220' title='bbox 519 3729 586 3796; x_wconf 79' lang='lat' dir='ltr'>opp.</span> <span class='ocrx_word' id='word_1_221' title='bbox 601 3729 626 3792; x_wconf 81' lang='grc'>0,</span> <span class='ocrx_word' id='word_1_222' title='bbox 641 3729 693 3781; x_wconf 82' lang='grc'>001</span> <span class='ocrx_word' id='word_1_223' title='bbox 713 3735 739 3780; x_wconf 88' lang='lat' dir='ltr'>et</span> <span class='ocrx_word' id='word_1_224' title='bbox 757 3729 826 3794; x_wconf 89' lang='lat' dir='ltr'>apud</span> <span class='ocrx_word' id='word_1_225' title='bbox 844 3729 1031 3796; x_wconf 84' lang='lat' dir='ltr'>Nipperdeinm</span> <span class='ocrx_word' id='word_1_226' title='bbox 1050 3729 1084 3781; x_wconf 88' lang='lat' dir='ltr'>ad</span> <span class='ocrx_word' id='word_1_227' title='bbox 1103 3730 1187 3782; x_wconf 84' lang='lat' dir='ltr'>Taciti</span> <span class='ocrx_word' id='word_1_228' title='bbox 1201 3743 1262 3780; x_wconf 86' lang='lat' dir='ltr'>anu.</span> <span class='ocrx_word' id='word_1_229' title='bbox 1276 3731 1301 3792; x_wconf 90' lang='grc'>2,</span> <span class='ocrx_word' id='word_1_230' title='bbox 1316 3731 1360 3779; x_wconf 85' lang='grc'>27.</span> <span class='ocrx_word' id='word_1_231' title='bbox 1391 3730 1456 3780; x_wconf 80' lang='lat' dir='ltr'>Eum</span> <span class='ocrx_word' id='word_1_232' title='bbox 1476 3731 1556 3780; x_wconf 88' lang='lat' dir='ltr'>secuti</span> <span class='ocrx_word' id='word_1_233' title='bbox 1574 3738 1633 3782; x_wconf 88' lang='lat' dir='ltr'>sunt</span> <span class='ocrx_word' id='word_1_234' title='bbox 1651 3733 1716 3799; x_wconf 89' lang='lat' dir='ltr'>Nip-</span> 
     </span>
     <span class='ocr_line' id='line_1_28' title="bbox 390 3805 1715 3888; baseline 0.002 -16"><span class='ocrx_word' id='word_1_235' title='bbox 390 3805 510 3888; x_wconf 86' lang='lat' dir='ltr'>perdsins</span> <span class='ocrx_word' id='word_1_236' title='bbox 521 3823 539 3872; x_wconf 94' lang='grc'>1.</span> <span class='ocrx_word' id='word_1_237' title='bbox 554 3836 576 3872; x_wconf 89' lang='lat' dir='ltr'>c.</span> <span class='ocrx_word' id='word_1_238' title='bbox 595 3827 621 3872; x_wconf 92' lang='lat' dir='ltr'>et</span> <span class='ocrx_word' id='word_1_239' title='bbox 631 3819 797 3872; x_wconf 82' lang='lat' dir='ltr'>Lehmannns</span> <span class='ocrx_word' id='word_1_240' title='bbox 808 3821 835 3871; x_wconf 91' lang='lat' dir='ltr'>in</span> <span class='ocrx_word' id='word_1_241' title='bbox 848 3821 901 3872; x_wconf 88' lang='lat' dir='ltr'>tab.</span> <span class='ocrx_word' id='word_1_242' title='bbox 911 3822 945 3872; x_wconf 82' lang='lat' dir='ltr'>V.</span> <span class='ocrx_word' id='word_1_243' title='bbox 976 3821 1132 3874; x_wconf 76' lang='lat' dir='ltr'>Diffsrsnna</span> <span class='ocrx_word' id='word_1_244' title='bbox 1143 3821 1170 3870; x_wconf 93' lang='lat' dir='ltr'>in</span> <span class='ocrx_word' id='word_1_245' title='bbox 1184 3834 1215 3870; x_wconf 91' lang='lat' dir='ltr'>eo</span> <span class='ocrx_word' id='word_1_246' title='bbox 1228 3821 1343 3883; x_wconf 77' lang='lat' dir='ltr'>vertitur,</span> <span class='ocrx_word' id='word_1_247' title='bbox 1363 3823 1433 3886; x_wconf 89' lang='lat' dir='ltr'>quod</span> <span class='ocrx_word' id='word_1_248' title='bbox 1444 3821 1583 3888; x_wconf 87' lang='lat' dir='ltr'>Pompeiae</span> <span class='ocrx_word' id='word_1_249' title='bbox 1595 3823 1715 3874; x_wconf 89' lang='lat' dir='ltr'>maritum</span> 
     </span>
     <span class='ocr_line' id='line_1_29' title="bbox 364 3906 1716 3978; baseline 0.001 -14"><span class='ocrx_word' id='word_1_250' title='bbox 364 3917 366 3922; x_wconf 85' lang='lat'>&#39;</span> <span class='ocrx_word' id='word_1_251' title='bbox 389 3906 548 3978; x_wconf 86' lang='lat' dir='ltr'>Borghesius</span> <span class='ocrx_word' id='word_1_252' title='bbox 566 3913 654 3964; x_wconf 88' lang='lat' dir='ltr'>statuit</span> <span class='ocrx_word' id='word_1_253' title='bbox 671 3911 751 3962; x_wconf 83' lang='lat' dir='ltr'>iuisre</span> <span class='ocrx_word' id='word_1_254' title='bbox 768 3912 806 3963; x_wconf 74' lang='grc'>11</span> <span class='ocrx_word' id='word_1_255' title='bbox 825 3912 928 3962; x_wconf 84' lang='lat' dir='ltr'>Livium</span> <span class='ocrx_word' id='word_1_256' title='bbox 946 3911 1062 3962; x_wconf 87' lang='lat' dir='ltr'>Drusum</span> <span class='ocrx_word' id='word_1_257' title='bbox 1079 3911 1206 3962; x_wconf 86' lang='lat' dir='ltr'>Libonem</span> <span class='ocrx_word' id='word_1_258' title='bbox 1225 3911 1354 3962; x_wconf 82' lang='lat' dir='ltr'>cumulem</span> <span class='ocrx_word' id='word_1_259' title='bbox 1374 3925 1397 3962; x_wconf 82' lang='lat' dir='ltr'>s.</span> <span class='ocrx_word' id='word_1_260' title='bbox 1408 3913 1470 3975; x_wconf 86' lang='grc'><strong>739,</strong></span> <span class='ocrx_word' id='word_1_261' title='bbox 1489 3919 1579 3964; x_wconf 88' lang='lat' dir='ltr'>natum</span> <span class='ocrx_word' id='word_1_262' title='bbox 1598 3927 1632 3964; x_wconf 85' lang='lat' dir='ltr'>ex</span> <span class='ocrx_word' id='word_1_263' title='bbox 1645 3913 1716 3966; x_wconf 83' lang='lat' dir='ltr'>Scri·</span> 
     </span>
     <span class='ocr_line' id='line_1_30' title="bbox 390 4001 1715 4069; baseline 0.001 -15"><span class='ocrx_word' id='word_1_264' title='bbox 390 4003 469 4055; x_wconf 89' lang='lat' dir='ltr'>bunio</span> <span class='ocrx_word' id='word_1_265' title='bbox 481 4004 581 4054; x_wconf 86' lang='lat' dir='ltr'>Libone</span> <span class='ocrx_word' id='word_1_266' title='bbox 600 4003 696 4069; x_wconf 88' lang='lat' dir='ltr'>aliquo,</span> <span class='ocrx_word' id='word_1_267' title='bbox 716 4002 866 4067; x_wconf 83' lang='lat' dir='ltr'>adoptatum</span> <span class='ocrx_word' id='word_1_268' title='bbox 885 4017 901 4053; x_wconf 90' lang='lat' dir='ltr'>a</span> <span class='ocrx_word' id='word_1_269' title='bbox 919 4002 958 4053; x_wconf 83' lang='grc'>11.</span> <span class='ocrx_word' id='word_1_270' title='bbox 976 4003 1052 4052; x_wconf 84' lang='lat' dir='ltr'>Livio</span> <span class='ocrx_word' id='word_1_271' title='bbox 1070 4001 1157 4052; x_wconf 90' lang='lat' dir='ltr'>Druso</span> <span class='ocrx_word' id='word_1_272' title='bbox 1171 4001 1314 4053; x_wconf 79' lang='lat' dir='ltr'>Claudiano</span> <span class='ocrx_word' id='word_1_273' title='bbox 1332 4009 1411 4066; x_wconf 86' lang='lat' dir='ltr'>patre</span> <span class='ocrx_word' id='word_1_274' title='bbox 1424 4003 1514 4054; x_wconf 82' lang='lat' dir='ltr'>Liviae</span> <span class='ocrx_word' id='word_1_275' title='bbox 1527 4005 1646 4069; x_wconf 82' lang='lat' dir='ltr'>Augusti.</span> <span class='ocrx_word' id='word_1_276' title='bbox 1677 4005 1715 4055; x_wconf 76' lang='lat' dir='ltr'>At</span> 
     </span>
     <span class='ocr_line' id='line_1_31' title="bbox 389 4091 1714 4160; baseline -0.001 -15"><span class='ocrx_word' id='word_1_277' title='bbox 389 4093 500 4159; x_wconf 86' lang='lat' dir='ltr'>primum</span> <span class='ocrx_word' id='word_1_278' title='bbox 519 4093 619 4144; x_wconf 87' lang='lat' dir='ltr'>Drusus</span> <span class='ocrx_word' id='word_1_279' title='bbox 636 4094 703 4145; x_wconf 83' lang='lat' dir='ltr'>Libo</span> <span class='ocrx_word' id='word_1_280' title='bbox 725 4093 769 4144; x_wconf 88' lang='lat' dir='ltr'>illa</span> <span class='ocrx_word' id='word_1_281' title='bbox 788 4093 820 4144; x_wconf 88' lang='lat' dir='ltr'>ab</span> <span class='ocrx_word' id='word_1_282' title='bbox 839 4093 978 4158; x_wconf 91' lang='lat' dir='ltr'>adoptione</span> <span class='ocrx_word' id='word_1_283' title='bbox 996 4093 1095 4142; x_wconf 89' lang='lat' dir='ltr'>aiisnus</span> <span class='ocrx_word' id='word_1_284' title='bbox 1113 4099 1165 4154; x_wconf 91' lang='lat' dir='ltr'>est,</span> <span class='ocrx_word' id='word_1_285' title='bbox 1189 4107 1247 4142; x_wconf 91' lang='lat' dir='ltr'>cnm</span> <span class='ocrx_word' id='word_1_286' title='bbox 1266 4091 1369 4143; x_wconf 83' lang='lat' dir='ltr'>Marcus</span> <span class='ocrx_word' id='word_1_287' title='bbox 1387 4093 1442 4157; x_wconf 91' lang='lat' dir='ltr'>ipsa</span> <span class='ocrx_word' id='word_1_288' title='bbox 1460 4093 1520 4143; x_wconf 90' lang='lat' dir='ltr'>item</span> <span class='ocrx_word' id='word_1_289' title='bbox 1539 4094 1569 4144; x_wconf 86' lang='lat' dir='ltr'>L.</span> <span class='ocrx_word' id='word_1_290' title='bbox 1588 4093 1607 4144; x_wconf 81' lang='grc'>1.</span> <span class='ocrx_word' id='word_1_291' title='bbox 1627 4095 1714 4160; x_wconf 86' lang='lat' dir='ltr'>eppei·</span> 
     </span>
     <span class='ocr_line' id='line_1_32' title="bbox 389 4182 1714 4248; baseline 0 -14"><span class='ocrx_word' id='word_1_292' title='bbox 389 4185 469 4248; x_wconf 73' lang='lat' dir='ltr'>ietur,</span> <span class='ocrx_word' id='word_1_293' title='bbox 493 4199 554 4236; x_wconf 90' lang='lat' dir='ltr'>nam</span> <span class='ocrx_word' id='word_1_294' title='bbox 576 4185 645 4236; x_wconf 85' lang='lat' dir='ltr'>iilius</span> <span class='ocrx_word' id='word_1_295' title='bbox 666 4184 802 4248; x_wconf 76' lang='lat' dir='ltr'>adoptivus</span> <span class='ocrx_word' id='word_1_296' title='bbox 824 4191 853 4234; x_wconf 91' lang='lat' dir='ltr'>ut</span> <span class='ocrx_word' id='word_1_297' title='bbox 875 4197 970 4233; x_wconf 91' lang='lat' dir='ltr'>nomen</span> <span class='ocrx_word' id='word_1_298' title='bbox 996 4184 1032 4234; x_wconf 89' lang='lat' dir='ltr'>ita</span> <span class='ocrx_word' id='word_1_299' title='bbox 1054 4195 1212 4248; x_wconf 86' lang='lat' dir='ltr'>praenomen</span> <span class='ocrx_word' id='word_1_300' title='bbox 1235 4195 1251 4232; x_wconf 89' lang='lat' dir='ltr'>a</span> <span class='ocrx_word' id='word_1_301' title='bbox 1272 4189 1344 4246; x_wconf 90' lang='lat' dir='ltr'>patre</span> <span class='ocrx_word' id='word_1_302' title='bbox 1369 4182 1492 4248; x_wconf 81' lang='lat' dir='ltr'>adoptivo</span> <span class='ocrx_word' id='word_1_303' title='bbox 1510 4185 1622 4234; x_wconf 83' lang='lat' dir='ltr'>mutuari</span> <span class='ocrx_word' id='word_1_304' title='bbox 1640 4185 1714 4235; x_wconf 86' lang='lat' dir='ltr'>solat.</span> 
     </span>
     <span class='ocr_line' id='line_1_33' title="bbox 389 4272 1714 4340; baseline 0.002 -16"><span class='ocrx_word' id='word_1_305' title='bbox 389 4273 493 4325; x_wconf 82' lang='lat' dir='ltr'>Deinde</span> <span class='ocrx_word' id='word_1_306' title='bbox 511 4289 576 4340; x_wconf 84' lang='lat' dir='ltr'>quoe</span> <span class='ocrx_word' id='word_1_307' title='bbox 594 4275 662 4324; x_wconf 86' lang='lat' dir='ltr'>iiiios</span> <span class='ocrx_word' id='word_1_308' title='bbox 680 4276 734 4324; x_wconf 89' lang='lat' dir='ltr'>eius</span> <span class='ocrx_word' id='word_1_309' title='bbox 752 4275 838 4338; x_wconf 87' lang='lat' dir='ltr'>posuit</span> <span class='ocrx_word' id='word_1_310' title='bbox 849 4273 1006 4338; x_wconf 87' lang='lat' dir='ltr'>Borghesius</span> <span class='ocrx_word' id='word_1_311' title='bbox 1020 4274 1050 4323; x_wconf 79' lang='lat' dir='ltr'>L.</span> <span class='ocrx_word' id='word_1_312' title='bbox 1063 4273 1189 4323; x_wconf 88' lang='lat' dir='ltr'>Libonem</span> <span class='ocrx_word' id='word_1_313' title='bbox 1210 4273 1340 4323; x_wconf 89' lang='lat' dir='ltr'>consulem</span> <span class='ocrx_word' id='word_1_314' title='bbox 1359 4287 1383 4322; x_wconf 90' lang='lat' dir='ltr'>a.</span> <span class='ocrx_word' id='word_1_315' title='bbox 1394 4273 1437 4334; x_wconf 84' lang='grc'>16,</span> <span class='ocrx_word' id='word_1_316' title='bbox 1456 4272 1495 4324; x_wconf 79' lang='lat' dir='ltr'>M.</span> <span class='ocrx_word' id='word_1_317' title='bbox 1507 4273 1632 4325; x_wconf 81' lang='lat' dir='ltr'>Libonem</span> <span class='ocrx_word' id='word_1_318' title='bbox 1645 4273 1714 4325; x_wconf 84' lang='lat' dir='ltr'>nru-</span> 
     </span>
     <span class='ocr_line' id='line_1_34' title="bbox 390 4363 1715 4428; baseline 0 -13"><span class='ocrx_word' id='word_1_319' title='bbox 390 4372 609 4428; x_wconf 72' lang='lat' dir='ltr'>compraetorem</span> <span class='ocrx_word' id='word_1_320' title='bbox 627 4363 718 4414; x_wconf 88' lang='lat' dir='ltr'>eodem</span> <span class='ocrx_word' id='word_1_321' title='bbox 737 4377 820 4426; x_wconf 81' lang='lat' dir='ltr'>mun,</span> <span class='ocrx_word' id='word_1_322' title='bbox 844 4363 1007 4416; x_wconf 71' lang='lat' dir='ltr'>Scriboniam</span> <span class='ocrx_word' id='word_1_323' title='bbox 1026 4363 1126 4425; x_wconf 89' lang='lat' dir='ltr'>Crassi,</span> <span class='ocrx_word' id='word_1_324' title='bbox 1152 4377 1241 4413; x_wconf 90' lang='lat' dir='ltr'>omnes</span> <span class='ocrx_word' id='word_1_325' title='bbox 1258 4371 1358 4414; x_wconf 85' lang='lat' dir='ltr'>constat</span> <span class='ocrx_word' id='word_1_326' title='bbox 1375 4378 1428 4414; x_wconf 88' lang='lat' dir='ltr'>non</span> <span class='ocrx_word' id='word_1_327' title='bbox 1445 4363 1534 4414; x_wconf 81' lang='lat' dir='ltr'>Livius</span> <span class='ocrx_word' id='word_1_328' title='bbox 1551 4365 1643 4426; x_wconf 83' lang='lat' dir='ltr'>inisse,</span> <span class='ocrx_word' id='word_1_329' title='bbox 1668 4364 1715 4415; x_wconf 88' lang='lat' dir='ltr'>aed</span> 
     </span>
     <span class='ocr_line' id='line_1_35' title="bbox 390 4451 1714 4518; baseline 0 -13"><span class='ocrx_word' id='word_1_330' title='bbox 390 4451 548 4505; x_wconf 83' lang='lat' dir='ltr'>Scribonios.</span> <span class='ocrx_word' id='word_1_331' title='bbox 585 4452 714 4518; x_wconf 84' lang='lat' dir='ltr'>Equidem</span> <span class='ocrx_word' id='word_1_332' title='bbox 736 4453 889 4504; x_wconf 86' lang='lat' dir='ltr'>crediderim</span> <span class='ocrx_word' id='word_1_333' title='bbox 908 4454 1039 4504; x_wconf 87' lang='lat' dir='ltr'>consulem</span> <span class='ocrx_word' id='word_1_334' title='bbox 1060 4468 1084 4504; x_wconf 87' lang='lat' dir='ltr'>s.</span> <span class='ocrx_word' id='word_1_335' title='bbox 1098 4453 1151 4504; x_wconf 83' lang='grc'><strong>’739</strong></span> <span class='ocrx_word' id='word_1_336' title='bbox 1174 4453 1282 4504; x_wconf 84' lang='lat' dir='ltr'>Libonis</span> <span class='ocrx_word' id='word_1_337' title='bbox 1301 4468 1442 4518; x_wconf 77' lang='lat' dir='ltr'>cognomen</span> <span class='ocrx_word' id='word_1_338' title='bbox 1460 4455 1570 4505; x_wconf 78' lang='lat' dir='ltr'>traxime</span> <span class='ocrx_word' id='word_1_339' title='bbox 1588 4469 1605 4506; x_wconf 93' lang='lat' dir='ltr'>a</span> <span class='ocrx_word' id='word_1_340' title='bbox 1623 4461 1714 4517; x_wconf 89' lang='lat' dir='ltr'>matre,</span> 
     </span>
     <span class='ocr_line' id='line_1_36' title="bbox 391 4543 1715 4610; baseline 0.005 -20"><span class='ocrx_word' id='word_1_341' title='bbox 391 4555 457 4605; x_wconf 84' lang='lat' dir='ltr'>quse</span> <span class='ocrx_word' id='word_1_342' title='bbox 480 4557 554 4592; x_wconf 87' lang='lat' dir='ltr'>soror</span> <span class='ocrx_word' id='word_1_343' title='bbox 575 4543 655 4593; x_wconf 85' lang='lat' dir='ltr'>inisse</span> <span class='ocrx_word' id='word_1_344' title='bbox 674 4551 759 4608; x_wconf 88' lang='lat' dir='ltr'>potest</span> <span class='ocrx_word' id='word_1_345' title='bbox 776 4544 926 4598; x_wconf 82' lang='lat' dir='ltr'>Scribonius</span> <span class='ocrx_word' id='word_1_346' title='bbox 947 4545 1073 4610; x_wconf 80' lang='lat' dir='ltr'>Augusti,</span> <span class='ocrx_word' id='word_1_347' title='bbox 1098 4551 1243 4609; x_wconf 87' lang='lat' dir='ltr'>praetorem</span> <span class='ocrx_word' id='word_1_348' title='bbox 1265 4550 1351 4594; x_wconf 85' lang='lat' dir='ltr'>autem</span> <span class='ocrx_word' id='word_1_349' title='bbox 1374 4557 1399 4594; x_wconf 82' lang='lat' dir='ltr'>a.</span> <span class='ocrx_word' id='word_1_350' title='bbox 1415 4544 1449 4595; x_wconf 86' lang='grc'>16</span> <span class='ocrx_word' id='word_1_351' title='bbox 1467 4543 1588 4596; x_wconf 90' lang='lat' dir='ltr'>heredem</span> <span class='ocrx_word' id='word_1_352' title='bbox 1605 4543 1715 4596; x_wconf 68' lang='lat' dir='ltr'>insusse</span> 
     </span>
     <span class='ocr_line' id='line_1_37' title="bbox 391 4631 1738 4700; baseline 0.008 -20"><span class='ocrx_word' id='word_1_353' title='bbox 391 4631 534 4681; x_wconf 89' lang='lat' dir='ltr'>institutum</span> <span class='ocrx_word' id='word_1_354' title='bbox 552 4646 569 4682; x_wconf 88' lang='lat' dir='ltr'>a</span> <span class='ocrx_word' id='word_1_355' title='bbox 587 4634 691 4684; x_wconf 84' lang='lat' dir='ltr'>consule</span> <span class='ocrx_word' id='word_1_356' title='bbox 708 4648 733 4685; x_wconf 86' lang='lat' dir='ltr'>a.</span> <span class='ocrx_word' id='word_1_357' title='bbox 748 4635 799 4686; x_wconf 83' lang='grc'>709</span> <span class='ocrx_word' id='word_1_358' title='bbox 818 4641 955 4700; x_wconf 87' lang='lat' dir='ltr'>propterea</span> <span class='ocrx_word' id='word_1_359' title='bbox 972 4635 1051 4686; x_wconf 85' lang='lat' dir='ltr'>Drusi</span> <span class='ocrx_word' id='word_1_360' title='bbox 1070 4648 1212 4699; x_wconf 77' lang='lat' dir='ltr'>cognomen</span> <span class='ocrx_word' id='word_1_361' title='bbox 1231 4634 1339 4684; x_wconf 87' lang='lat' dir='ltr'>aiterum</span> <span class='ocrx_word' id='word_1_362' title='bbox 1357 4635 1505 4685; x_wconf 83' lang='lat' dir='ltr'>adscivisse.</span> <span class='ocrx_word' id='word_1_363' title='bbox 1731 4683 1738 4691; x_wconf 95' lang='lat'>.</span> 
     </span>
    </p>

    <p class='ocr_par' dir='ltr' id='par_1_11' title="bbox 390 4717 1715 4971">
     <span class='ocr_line' id='line_1_38' title="bbox 467 4717 1714 4790; baseline 0.002 -18"><span class='ocrx_word' id='word_1_364' title='bbox 467 4717 492 4781; x_wconf 83' lang='lat'>²)</span> <span class='ocrx_word' id='word_1_365' title='bbox 520 4720 562 4772; x_wconf 84' lang='lat' dir='ltr'>Ci.</span> <span class='ocrx_word' id='word_1_366' title='bbox 580 4720 716 4775; x_wconf 86' lang='lat' dir='ltr'>Drumann</span> <span class='ocrx_word' id='word_1_367' title='bbox 729 4726 756 4786; x_wconf 75' lang='lat'>4,</span> <span class='ocrx_word' id='word_1_368' title='bbox 770 4723 832 4775; x_wconf 82' lang='grc'><strong>303.</strong></span> <span class='ocrx_word' id='word_1_369' title='bbox 863 4725 942 4776; x_wconf 83' lang='lat' dir='ltr'>Adde</span> <span class='ocrx_word' id='word_1_370' title='bbox 959 4725 996 4776; x_wconf 92' lang='lat' dir='ltr'>ibi</span> <span class='ocrx_word' id='word_1_371' title='bbox 1014 4727 1086 4776; x_wconf 89' lang='lat' dir='ltr'>iocos</span> <span class='ocrx_word' id='word_1_372' title='bbox 1104 4724 1218 4778; x_wconf 86' lang='lat' dir='ltr'>Senecae</span> <span class='ocrx_word' id='word_1_373' title='bbox 1237 4739 1277 4790; x_wconf 91' lang='lat' dir='ltr'>ap.</span> <span class='ocrx_word' id='word_1_374' title='bbox 1293 4727 1336 4786; x_wconf 89' lang='grc'>70,</span> <span class='ocrx_word' id='word_1_375' title='bbox 1353 4727 1387 4776; x_wconf 92' lang='grc'>10</span> <span class='ocrx_word' id='word_1_376' title='bbox 1406 4731 1432 4776; x_wconf 91' lang='lat' dir='ltr'>et</span> <span class='ocrx_word' id='word_1_377' title='bbox 1450 4723 1536 4776; x_wconf 87' lang='lat' dir='ltr'>Taciti</span> <span class='ocrx_word' id='word_1_378' title='bbox 1554 4738 1615 4776; x_wconf 86' lang='lat' dir='ltr'>ann.</span> <span class='ocrx_word' id='word_1_379' title='bbox 1628 4726 1655 4788; x_wconf 96' lang='grc'>2,</span> <span class='ocrx_word' id='word_1_380' title='bbox 1669 4725 1714 4787; x_wconf 85' lang='grc'>27,</span> 
     </span>
     <span class='ocr_line' id='line_1_39' title="bbox 391 4810 1715 4881; baseline 0.003 -21"><span class='ocrx_word' id='word_1_381' title='bbox 391 4823 499 4875; x_wconf 90' lang='lat' dir='ltr'>qnorum</span> <span class='ocrx_word' id='word_1_382' title='bbox 511 4810 555 4863; x_wconf 91' lang='lat' dir='ltr'>iile</span> <span class='ocrx_word' id='word_1_383' title='bbox 568 4812 679 4864; x_wconf 80' lang='lat' dir='ltr'>ostendit</span> <span class='ocrx_word' id='word_1_384' title='bbox 687 4813 848 4867; x_wconf 84' lang='lat' dir='ltr'>Scriboniam</span> <span class='ocrx_word' id='word_1_385' title='bbox 861 4815 1016 4880; x_wconf 76' lang='lat' dir='ltr'>superfuisse</span> <span class='ocrx_word' id='word_1_386' title='bbox 1028 4815 1062 4868; x_wconf 87' lang='lat' dir='ltr'>ad</span> <span class='ocrx_word' id='word_1_387' title='bbox 1072 4830 1096 4868; x_wconf 89' lang='lat' dir='ltr'>a.</span> <span class='ocrx_word' id='word_1_388' title='bbox 1104 4815 1237 4881; x_wconf 86' lang='lat' dir='ltr'>iiip.Cbr.</span> <span class='ocrx_word' id='word_1_389' title='bbox 1246 4833 1280 4857; x_wconf 91' lang='lat'>=</span> <span class='ocrx_word' id='word_1_390' title='bbox 1288 4814 1349 4878; x_wconf 87' lang='grc'><strong>769,</strong></span> <span class='ocrx_word' id='word_1_391' title='bbox 1364 4830 1422 4866; x_wconf 91' lang='lat' dir='ltr'>cnm</span> <span class='ocrx_word' id='word_1_392' title='bbox 1434 4829 1459 4866; x_wconf 86' lang='lat' dir='ltr'>a.</span> <span class='ocrx_word' id='word_1_393' title='bbox 1467 4815 1521 4866; x_wconf 78' lang='grc'>714</span> <span class='ocrx_word' id='word_1_394' title='bbox 1534 4827 1591 4865; x_wconf 84' lang='lat' dir='ltr'>eam</span> <span class='ocrx_word' id='word_1_395' title='bbox 1600 4813 1715 4866; x_wconf 82' lang='lat' dir='ltr'>duxisset</span> 
     </span>
     <span class='ocr_line' id='line_1_40' title="bbox 390 4892 1666 4971; baseline 0.003 -19"><span class='ocrx_word' id='word_1_396' title='bbox 390 4898 487 4952; x_wconf 86' lang='lat' dir='ltr'>Caesar</span> <span class='ocrx_word' id='word_1_397' title='bbox 503 4892 617 4966; x_wconf 81' lang='lat' dir='ltr'>&#39;nuptam</span> <span class='ocrx_word' id='word_1_398' title='bbox 636 4907 712 4955; x_wconf 88' lang='lat' dir='ltr'>antea</span> <span class='ocrx_word' id='word_1_399' title='bbox 729 4904 828 4955; x_wconf 91' lang='lat' dir='ltr'>duobus</span> <span class='ocrx_word' id='word_1_400' title='bbox 846 4906 1031 4969; x_wconf 83' lang='lat' dir='ltr'>consularibus,</span> <span class='ocrx_word' id='word_1_401' title='bbox 1050 4921 1084 4957; x_wconf 88' lang='lat' dir='ltr'>ex</span> <span class='ocrx_word' id='word_1_402' title='bbox 1102 4906 1183 4956; x_wconf 87' lang='lat' dir='ltr'>altero</span> <span class='ocrx_word' id='word_1_403' title='bbox 1203 4906 1280 4956; x_wconf 86' lang='lat' dir='ltr'>etiem</span> <span class='ocrx_word' id='word_1_404' title='bbox 1298 4896 1415 4962; x_wconf 85' lang='lat' dir='ltr'>matrem’</span> <span class='ocrx_word' id='word_1_405' title='bbox 1432 4903 1514 4966; x_wconf 89' lang='lat' dir='ltr'>(Suet.</span> <span class='ocrx_word' id='word_1_406' title='bbox 1527 4905 1597 4971; x_wconf 74' lang='lat' dir='ltr'>Aug.</span> <span class='ocrx_word' id='word_1_407' title='bbox 1610 4905 1666 4966; x_wconf 82' lang='grc'><strong>02).</strong></span> 
     </span>
    </p>

    <p class='ocr_par' dir='ltr' id='par_1_12' title="bbox 388 4987 1716 5333">
     <span class='ocr_line' id='line_1_41' title="bbox 466 4987 1715 5061; baseline 0.004 -22"><span class='ocrx_word' id='word_1_408' title='bbox 466 4987 491 5052; x_wconf 84' lang='lat'>¹)</span> <span class='ocrx_word' id='word_1_409' title='bbox 518 4989 557 5042; x_wconf 84' lang='grc' dir='ltr'>Μ.</span> <span class='ocrx_word' id='word_1_410' title='bbox 575 4989 642 5043; x_wconf 80' lang='lat' dir='ltr'>Libo</span> <span class='ocrx_word' id='word_1_411' title='bbox 661 4995 689 5046; x_wconf 94' lang='lat' dir='ltr'>in</span> <span class='ocrx_word' id='word_1_412' title='bbox 707 4993 781 5046; x_wconf 80' lang='lat' dir='ltr'>santis</span> <span class='ocrx_word' id='word_1_413' title='bbox 799 4995 969 5046; x_wconf 80' lang='lat' dir='ltr'>Amiterninis</span> <span class='ocrx_word' id='word_1_414' title='bbox 988 4997 1022 5047; x_wconf 83' lang='lat' dir='ltr'>ad</span> <span class='ocrx_word' id='word_1_415' title='bbox 1040 4997 1077 5047; x_wconf 78' lang='lat' dir='ltr'>id,</span> <span class='ocrx_word' id='word_1_416' title='bbox 1095 4995 1167 5060; x_wconf 84' lang='lat' dir='ltr'>Sept.</span> <span class='ocrx_word' id='word_1_417' title='bbox 1186 4995 1215 5056; x_wconf 90' lang='lat'>(1</span> <span class='ocrx_word' id='word_1_418' title='bbox 1234 5011 1259 5060; x_wconf 86' lang='lat' dir='ltr'>p.</span> <span class='ocrx_word' id='word_1_419' title='bbox 1273 4994 1353 5056; x_wconf 83' lang='grc'><strong>402),</strong></span> <span class='ocrx_word' id='word_1_420' title='bbox 1377 4991 1444 5046; x_wconf 77' lang='lat' dir='ltr'>Libo</span> <span class='ocrx_word' id='word_1_421' title='bbox 1462 4991 1564 5046; x_wconf 72' lang='lat' dir='ltr'>Dnmta</span> <span class='ocrx_word' id='word_1_422' title='bbox 1581 5009 1595 5048; x_wconf 83' lang='lat' dir='ltr'>e</span> <span class='ocrx_word' id='word_1_423' title='bbox 1605 4993 1715 5061; x_wconf 78' lang='lat' dir='ltr'>smnils&#39;a</span> 
     </span>
     <span class='ocr_line' id='line_1_42' title="bbox 391 5075 1716 5152; baseline 0.005 -22"><span class='ocrx_word' id='word_1_424' title='bbox 391 5075 580 5132; x_wconf 72' lang='lat' dir='ltr'>Smidoniorma</span> <span class='ocrx_word' id='word_1_425' title='bbox 598 5083 667 5147; x_wconf 88' lang='lat' dir='ltr'>apud</span> <span class='ocrx_word' id='word_1_426' title='bbox 680 5085 797 5136; x_wconf 81' lang='lat' dir='ltr'>Taciturn</span> <span class='ocrx_word' id='word_1_427' title='bbox 812 5099 872 5137; x_wconf 86' lang='lat' dir='ltr'>ann.</span> <span class='ocrx_word' id='word_1_428' title='bbox 886 5089 912 5148; x_wconf 87' lang='grc'>2,</span> <span class='ocrx_word' id='word_1_429' title='bbox 927 5089 960 5136; x_wconf 84' lang='grc'>27</span> <span class='ocrx_word' id='word_1_430' title='bbox 981 5085 1025 5147; x_wconf 82' lang='lat' dir='ltr'>(oi.</span> <span class='ocrx_word' id='word_1_431' title='bbox 1043 5102 1065 5137; x_wconf 86' lang='lat' dir='ltr'>c.</span> <span class='ocrx_word' id='word_1_432' title='bbox 1080 5087 1129 5136; x_wconf 79' lang='grc' dir='ltr'>32ι</span> <span class='ocrx_word' id='word_1_433' title='bbox 1147 5099 1178 5136; x_wconf 79' lang='lat' dir='ltr'>aa</span> <span class='ocrx_word' id='word_1_434' title='bbox 1197 5087 1253 5152; x_wconf 75' lang='lat' dir='ltr'>prta</span> <span class='ocrx_word' id='word_1_435' title='bbox 1272 5081 1421 5136; x_wconf 75' lang='lat' dir='ltr'>Scribom&#39;rta</span> <span class='ocrx_word' id='word_1_436' title='bbox 1438 5092 1621 5151; x_wconf 67' lang='lat' dir='ltr'>cognomentum</span> <span class='ocrx_word' id='word_1_437' title='bbox 1632 5081 1716 5136; x_wconf 74' lang='lat' dir='ltr'>Drusi</span> 
     </span>
     <span class='ocr_line' id='line_1_43' title="bbox 390 5167 1715 5241; baseline 0.007 -22"><span class='ocrx_word' id='word_1_438' title='bbox 390 5167 552 5234; x_wconf 75' lang='lat' dir='ltr'>ndmmeret),</span> <span class='ocrx_word' id='word_1_439' title='bbox 577 5169 679 5225; x_wconf 79' lang='lat' dir='ltr'>Drusus</span> <span class='ocrx_word' id='word_1_440' title='bbox 696 5171 763 5226; x_wconf 69' lang='lat' dir='ltr'>Lito</span> <span class='ocrx_word' id='word_1_441' title='bbox 784 5177 852 5241; x_wconf 90' lang='lat' dir='ltr'>apud</span> <span class='ocrx_word' id='word_1_442' title='bbox 871 5177 999 5228; x_wconf 88' lang='lat' dir='ltr'>Velleium</span> <span class='ocrx_word' id='word_1_443' title='bbox 1018 5177 1118 5238; x_wconf 86' lang='grc'><strong>2,130</strong></span> <span class='ocrx_word' id='word_1_444' title='bbox 1136 5183 1162 5226; x_wconf 88' lang='lat' dir='ltr'>et</span> <span class='ocrx_word' id='word_1_445' title='bbox 1180 5175 1306 5229; x_wconf 81' lang='lat' dir='ltr'>Senecam</span> <span class='ocrx_word' id='word_1_446' title='bbox 1325 5175 1425 5239; x_wconf 73' lang='lat' dir='ltr'>epid,</span> <span class='ocrx_word' id='word_1_447' title='bbox 1441 5177 1490 5238; x_wconf 90' lang='grc'>10,</span> <span class='ocrx_word' id='word_1_448' title='bbox 1514 5171 1548 5229; x_wconf 75' lang='lat' dir='ltr'>L.</span> <span class='ocrx_word' id='word_1_449' title='bbox 1567 5171 1715 5230; x_wconf 67' lang='lat' dir='ltr'>sostenes</span> 
     </span>
     <span class='ocr_line' id='line_1_44' title="bbox 388 5255 1465 5333; baseline 0.011 -26"><span class='ocrx_word' id='word_1_450' title='bbox 388 5255 456 5309; x_wconf 75' lang='lat' dir='ltr'>Libo</span> <span class='ocrx_word' id='word_1_451' title='bbox 475 5261 543 5325; x_wconf 87' lang='lat' dir='ltr'>apud</span> <span class='ocrx_word' id='word_1_452' title='bbox 561 5263 714 5318; x_wconf 87' lang='lat' dir='ltr'>Suetonium</span> <span class='ocrx_word' id='word_1_453' title='bbox 733 5265 792 5319; x_wconf 87' lang='lat' dir='ltr'>Tib.</span> <span class='ocrx_word' id='word_1_454' title='bbox 806 5265 840 5318; x_wconf 80' lang='grc'>20</span> <span class='ocrx_word' id='word_1_455' title='bbox 859 5273 885 5318; x_wconf 91' lang='lat' dir='ltr'>et</span> <span class='ocrx_word' id='word_1_456' title='bbox 902 5266 1017 5320; x_wconf 87' lang='lat' dir='ltr'>Dionem</span> <span class='ocrx_word' id='word_1_457' title='bbox 1036 5266 1080 5330; x_wconf 80' lang='lat' dir='ltr'>st,</span> <span class='ocrx_word' id='word_1_458' title='bbox 1096 5267 1129 5319; x_wconf 82' lang='lat' dir='ltr'>lb</span> <span class='ocrx_word' id='word_1_459' title='bbox 1147 5267 1175 5320; x_wconf 85' lang='lat' dir='ltr'>in</span> <span class='ocrx_word' id='word_1_460' title='bbox 1193 5267 1360 5333; x_wconf 70' lang='lat' dir='ltr'>praenomine</span> <span class='ocrx_word' id='word_1_461' title='bbox 1376 5257 1465 5319; x_wconf 75' lang='lat' dir='ltr'>turos</span> 
     </span>
    </p>
   </div>
   <div class='ocr_carea' id='block_1_11' title="bbox 0 0 1935 5960">
    <p class='ocr_par' dir='ltr' id='par_1_13' title="bbox 0 0 1935 5960">
     <span class='ocr_line' id='line_1_45' title="bbox 0 0 1935 5960; baseline 0 0"><span class='ocrx_word' id='word_1_462' title='bbox 0 0 1935 5960; x_wconf 95' lang='lat' dir='ltr'> </span> 
     </span>
    </p>
   </div>
  </div>
 </body>
</html>
