3858 5960
408 591 478 665 138
976 601 1158 657 memsam

402 777 610 854 mnrugiemus
631 775 691 834 nisi
712 774 750 832 ad
771 773 995 832 excusationem
1017 772 1218 832 necessariam
1238 771 1335 848 magis
1354 789 1444 847 quam
1458 773 1621 849 optabilem
1637 775 1729 851 serip-

402 887 497 939 torem
520 878 598 937 tituli
614 875 764 936 casinatis
786 893 873 934 usum
888 874 1041 950 vulgarem
1060 881 1195 933 secutum
1215 873 1383 950 delegatum
1404 873 1572 952 principum
1590 878 1729 952 posuisse

402 981 541 1040 absoluta
563 997 617 1056 pro
639 975 898 1054 principalil).-
919 974 968 1033 De
989 975 1058 1050 ipso
1078 974 1179 1032 officio
1200 993 1267 1034 cum
1289 974 1415 1033 dixerim
1438 975 1470 1032 ia
1490 977 1643 1036 memoriis
1658 978 1728 1036 inst.

402 1083 483 1141 arch.
503 1081 532 1152 2,
549 1081 623 1152 313,
645 1096 743 1155 pauca
763 1077 860 1136 habeo
881 1093 958 1151 quae
980 1074 1097 1133 addam.
1139 1075 1176 1132 In
1196 1074 1292 1134 titolis
1314 1074 1506 1134 Diocletiano
1528 1078 1728 1138 anterioribus

402 1191 556 1258 praeterea
576 1180 673 1240 adbuc
693 1178 772 1256 quod
787 1177 879 1236 sciam
896 1177 944 1235 bis
959 1183 1073 1234 tantum
1087 1181 1237 1252 repertum
1252 1185 1309 1247 est,
1330 1195 1436 1253 nempe
1449 1177 1481 1235 in
1495 1177 1585 1236 titulo
1599 1177 1635 1236 L.
1651 1177 1728 1238 (lae-

402 1285 482 1343 sonii
498 1281 592 1341 Macri
606 1279 759 1339 Rufiniani
779 1276 889 1354 (Orell.
906 1275 1011 1352 3042),
1030 1276 1082 1352 qui
1096 1277 1261 1352 imperante
1277 1275 1434 1336 Gordiano
1446 1277 1495 1336 111
1510 1279 1613 1338 electae
1628 1289 1675 1339 est
1688 1283 1729 1338 ad

399 1383 608 1460 cepaosceadae
618 1385 679 1440 eice
688 1380 824 1440 Caesaris
835 1381 1016 1454 nequitiores,
1028 1377 1204 1453 duobusque
1214 1377 1335 1436 Balbini
1345 1379 1472 1437 Maximi
1483 1379 1618 1438 consulis
1630 1399 1657 1438 a.
1667 1379 1726 1440 232

402 1491 455 1544 aut
470 1483 529 1541 233
545 1481 671 1542 1111253
693 1480 737 1556 (v.
760 1498 789 1555 p.
806 1477 889 1554 132),
910 1479 962 1555 qui
982 1479 1089 1538 dicitur
1101 1495 1271 1553 oopaoeeeas
1286 1480 1327 1538 ad
1341 1496 1442 1538 sacrm
1457 1480 1673 1555 appellationes,
1695 1490 1728 1541 ut

403 1586 452 1646 hie
471 1601 600 1661 quoque,
622 1583 734 1660 puriter
748 1587 837 1656 atque
852 1580 882 1638 in
897 1579 1055 1638 consulatu
1071 1579 1232 1650 ordinario,
1253 1577 1276 1638 ii
1290 1578 1327 1638 de
1341 1580 1449 1656 quibus
1464 1581 1579 1657 agimus
1593 1581 1727 1640 ordinem

402 1687 513 1746 ducant
527 1695 557 1743 et
569 1684 701 1760 reliquos
717 1691 849 1757 tempore
863 1679 1050 1757 praecedant.
1077 1678 1286 1758 Cognitionem
1301 1699 1368 1740 eam
1381 1681 1425 1740 ita
1437 1681 1501 1740 dari
1516 1682 1636 1742 solitam
1651 1701 1727 1756 esse,

403 1794 437 1845 ut
457 1784 495 1844 ad
517 1794 627 1845 certam
649 1783 800 1843 dioecesin
820 1781 1060 1859 restringeretur,
1081 1781 1138 1838 etsi
1159 1781 1190 1838 hi
1205 1799 1282 1856 quos
1296 1783 1385 1858 posui
1398 1782 1476 1840 tituli
1489 1801 1549 1842 non
1563 1784 1728 1854 enuntiant,

402 1895 483 1946 certe
503 1886 559 1945 sub
574 1884 762 1951 Diocletiano
783 1882 933 1940 iuvenitur
949 1881 1054 1939 Aelius
1070 1879 1247 1958 Dionysias,
1269 1883 1295 1940 is
1316 1883 1369 1958 qui
1389 1893 1496 1960 postea
1517 1903 1544 1942 a.
1560 1884 1618 1942 301
1643 1903 1728 1960 prae·

400 1989 496 2050 lectus
519 1985 602 2045 urbis
624 1985 722 2044 laetus
743 1993 799 2056 est,
821 1983 905 2041 iudea
918 2001 1067 2042 samaram
1082 1983 1270 2058 cognitionum
1284 1987 1370 2042 totius
1389 1983 1512 2044 Orientis
1534 1984 1645 2060 (Orell.
1661 1985 1727 2060 60),

401 2088 568 2166 poteritque
583 2086 659 2145 adeo
673 2083 893 2162 quodammodo
908 2082 1075 2158 comparari
1088 2083 1169 2158 quod
1184 2083 1226 2140 ait
1241 2081 1401 2144 Suetonius
1422 2085 1513 2163 (Aug.
1530 2085 1584 2160 33)
1607 2087 1727 2164 Augus-

402 2198 466 2249 tum
480 2186 642 2265 quotannis
657 2185 874 2264 appellationes
889 2183 1118 2261 provincialium
1130 2183 1312 2260 litigatorum
1324 2185 1510 2263 delegavisse
1522 2187 1727 2246 consularibus

401 2291 485 2364 viris,
506 2307 577 2366 quos
599 2288 727 2363 stapulas
748 2289 882 2360 caiusque
899 2287 1067 2360 prouinciae
1087 2288 1207 2361 asponis
1224 2289 1450 2362 praeposuisset.
1474 2285 1635 2358 ⁴Ceterum
1657 2307 1726 2365 cog·

401 2391 530 2450 ultiones
552 2387 827 2466 appellationesque
848 2383 1049 2445 Caesarianae
1069 2385 1219 2462 quomodo
1241 2393 1311 2445 ante
1330 2386 1555 2446 Diocletianum
1577 2389 1726 2448 exercitae

402 2493 476 2564 sint,
503 2490 602 2549 adhuc
628 2507 733 2565 parom
759 2494 863 2546 notum
884 2493 946 2558 est,
976 2505 1030 2545 nec
1051 2486 1088 2544 de
1110 2487 1287 2564 quaestione
1309 2507 1345 2547 aa
1365 2489 1498 2548 omnium
1518 2489 1650 2550 maxime
1671 2491 1726 2548 im-

402 2593 510 2672 plicata
531 2593 587 2650 hoo
607 2589 673 2648 loco
694 2588 905 2664 disputabitur.

559 2691 616 2762 18.
669 2687 881 2776 Praefectus
907 2686 1177 2761 alimentorum.

483 2811 562 2870 Vide
583 2829 660 2887 quae
681 2810 761 2870 dicta
782 2818 854 2868 sunt
874 2827 902 2884 p.
918 2809 1028 2884 l33sq.
1064 2807 1148 2868 Fieri
1166 2816 1276 2886 potest,
1298 2819 1381 2872 ntea
1394 2801 1582 2886 praefectura
1596 2809 1725 2872 Sabinus

400 2916 522 2974 iunctus
544 2913 585 2971 sit
606 2911 696 2970 simul
717 2917 805 2986 atque
826 2928 949 2968 munere
970 2909 1146 2969 correctoris
1167 2911 1284 2969 Italiae.

557 3013 615 3084 19.
668 3009 816 3084 Electus
843 3009 890 3082 ad
917 3007 1174 3107 corrigendum
1201 3019 1339 3084 statum
1364 3009 1502 3084 ltaliae.

484 3133 627 3193 Officium
641 3132 728 3191 electi
742 3131 781 3188 ad
795 3130 1000 3208 corrigendum
1016 3137 1125 3189 statum
1136 3131 1244 3190 Italiae
1257 3132 1364 3191 iisdem
1377 3133 1475 3192 verbis
1491 3142 1645 3210 praeterea
1656 3153 1724 3194 uus·

401 3254 490 3312 quam
511 3233 705 3302 enuntiatam,
725 3239 884 3308 eapropter
906 3230 1065 3306 diligenter
1086 3232 1335 3292 considerandum
1355 3243 1411 3306 est,
1433 3235 1512 3310 qnod
1527 3253 1566 3294 ex
1581 3235 1638 3294 hoc
1650 3243 1725 3294 tam·

331 3310 334 3327 ,
400 3355 490 3414 quam
511 3334 643 3412 germine
664 3333 743 3390 enati
765 3339 834 3390 sunt
848 3339 1032 3391 correctores
1047 3333 1155 3392 aetatis
1169 3333 1345 3410 posterioris
1355 3333 1384 3410 ²)
1408 3353 1504 3412 neque
1519 3336 1582 3395 eins
1596 3337 1725 3395 instituti

401 3438 466 3497 ulla
485 3435 628 3496 memoria
648 3442 732 3494 extat
752 3433 800 3491 his
822 3432 917 3490 titulis
938 3433 1098 3510 antiquior.
1134 3433 1213 3492 Nam
1235 3436 1353 3512 legatus
1369 3436 1499 3514 Augusti
1519 3447 1726 3514 propraetore

400 3539 533 3616 regionis
545 3535 781 3612 Transpadanus
795 3533 901 3592 aetatis
915 3533 1065 3592 Traianae
1080 3533 1189 3608 (Orell.
1203 3533 1309 3613 2273),
1324 3555 1412 3612 quem
1427 3556 1493 3596 cnm
1507 3541 1725 3600 correctoribus

400 3639 506 3699 Italiae
527 3635 696 3713 composuit
718 3634 902 3712 Borghesias
924 3634 1009 3712 (opp.
1026 3637 1054 3707 5,
1069 3635 1155 3711 408),
1180 3637 1270 3695 hodie
1291 3647 1450 3715 postquam
1471 3639 1600 3698 innotuit
1621 3641 1725 3699 titulus

322 3726 332 3746 ⁴
400 3739 548 3801 Cirtensis
577 3737 614 3796 T.
644 3734 800 3796 Caesernii
827 3736 967 3809 Macrini,
999 3739 1051 3814 qui
1083 3739 1262 3797 tribunicius
1292 3743 1396 3798 missua
1424 3747 1471 3799 est
1499 3742 1541 3797 acl
1565 3741 1725 3816 dilec[tu]m

399 3843 540 3902 iuniorum
561 3857 581 3896 a
603 3840 667 3897 diuo
685 3837 891 3896 Hadrianeia
909 3843 1049 3914 repienem
1057 3834 1353 3919 Ι1111111111111αηαηι1),
1376 3840 1561 3917 probabilius
1578 3842 1724 3901 referetur

398 3943 476 4002 inter
494 3941 612 4018 legatos
633 3939 873 4015 dilectumrest).
916 3939 1062 3998 Videntur
1082 3949 1195 4012 autem,
1222 3947 1255 4000 ut
1275 3941 1306 3998 iu
1321 3941 1496 4018 provincias
1519 3943 1685 4002 senatorias
1705 3961 1725 4000 a

398 4043 523 4103 Traiani
544 4042 613 4102 iude
639 4047 737 4100 aetate
763 4049 882 4117 praeter
907 4041 1102 4118 proconsules
1124 4041 1318 4102 mittebantur
1337 4043 1463 4102 subinde
1484 4042 1576 4119 legati
1595 4043 1724 4122 impera·

398 4209 602 4221 ——.-·-—-

477 4319 499 4380 ¹)
528 4317 569 4369 Oi.
589 4318 667 4368 verba
685 4318 762 4367 edicti
780 4319 902 4382 praetorii
920 4318 981 4382 Dig.
994 4319 1038 4378 44,
1054 4321 1079 4379 3,
1094 4319 1109 4367 2
1123 4333 1174 4383 pn:
1192 4325 1367 4385 praeterquam
1387 4319 1455 4387 qued
1473 4319 1526 4387 lepe
1545 4326 1646 4370 senatun
1663 4335 1721 4370 een·

398 4410 463 4460 salto
482 4407 563 4460 edicto
582 4406 710 4458 decretave
723 4407 866 4474 princepum
884 4406 932 4458 tibi
948 4424 1088 4460 cencessum
1105 4415 1151 4460 est.

475 4497 500 4562 ²)
527 4499 595 4548 Vide
619 4512 684 4563 quae
707 4498 740 4548 de
758 4499 945 4552 consutoribus
963 4500 1074 4550 diximus
1093 4500 1250 4566 Borghesias
1268 4501 1295 4552 ia
1314 4516 1374 4552 aaa.
1394 4502 1453 4552 inst.
1476 4501 1546 4552 1853
1565 4517 1591 4566 p.
1606 4502 1723 4566 itleeq.

400 4609 434 4632 =
448 4605 509 4654 app.
523 4589 548 4650 b,
563 4587 617 4639 415
637 4595 663 4638 et
680 4603 727 4654 ego
746 4583 807 4639 reim.
826 4588 983 4642 Feldmeeeer
1003 4593 1027 4654 2,
1044 4592 1104 4643 196.
1120 4593 1181 4644 198.

475 4677 500 4741 ¹)
527 4677 855 4748 Reuierme'laapesp'153
874 4683 1025 4747 lusendlg.
1044 4684 1164 4734 u.181'l.
1197 4681 1310 4735 carsae
1325 4679 1518 4743 serenares,
1533 4682 1592 4732 191.
1622 4682 1722 4732 Eodem

398 4773 507 4824 tortasse
530 4770 679 4822 referendus
697 4779 736 4822 est
754 4773 842 4822 titulus
860 4773 1007 4838 Campanus
1025 4775 1047 4827 1.
1060 4773 1095 4825 N.
1110 4775 1181 4825 3604
1200 4775 1230 4826 Ι..
1249 4775 1334 4825 Fulvii
1352 4773 1506 4824 Aemiliani:
1531 4771 1608 4824 electo
1627 4771 1660 4824 ab
1678 4789 1722 4839 op·

399 4861 469 4926 [timo
493 4862 552 4929 imp.
576 4858 679 4926 Severo]
705 4861 852 4914 Alexandro
877 4863 913 4914 ad
936 4863 1063 4927 [dilectum
1088 4863 1236 4929 iubendum]
1259 4879 1306 4932 per
1328 4865 1453 4931 regionem
1475 4861 1722 4931 Tra[aspadaama];

398 4954 442 5005 nbi
467 4953 536 5019 quod
558 4953 621 5004 olim
645 4955 767 5018 proposui
793 4953 829 5004 ad
852 4952 903 5016 [ius
921 4953 1061 5019 dicendum]
1081 4956 1141 5006 ideo
1160 4958 1242 5007 minus
1261 4956 1395 5022 probabile
1413 4962 1465 5019 est,
1489 4955 1558 5021 quod
1578 4954 1723 5005 Alexandri

398 5051 482 5096 aetate
504 5045 605 5095 iuridici
628 5045 767 5108 appellatio
789 5053 891 5110 recepta
913 5046 966 5096 ism
984 5047 1033 5097 init
1050 5053 1076 5097 et
1094 5047 1233 5099 sollemnis.
1271 5048 1345 5100 Alibi
1363 5053 1402 5100 est
1424 5046 1516 5099 electam
1534 5043 1628 5097 aaran
1648 5061 1723 5096 suero

398 5134 434 5186 ad
452 5133 560 5199 [cernue]
580 5133 747 5202 acceptandus
762 5151 809 5203 per
822 5136 982 5203 prouinciam
1000 5135 1132 5206 Belpe'cam
1149 5138 1266 5199 (Heazcu
1285 5139 1377 5202 6512).

474 5224 500 5288 ⁴)
529 5226 570 5278 cf.
588 5226 684 5278 Reuisr
701 5223 826 5293 mttaapm
843 5243 869 5293 p.
883 5229 979 5294 i3seq.
