3812 5960
393 537 441 608 64
552 563 557 569 ·
960 547 1143 602 nouusuu

474 727 503 784 t.
544 726 632 783 Iunio
654 721 776 782 Caluina
798 721 877 780 unde
897 737 1062 796 cognomen
1083 719 1215 792 duxerit,
1235 721 1406 796 ignoratur;
1431 721 1608 780 crediderim
1629 739 1717 780 arum

390 828 454 886 elus
482 827 523 885 M.
552 823 702 896 Silanum,
729 806 813 881 cuius
841 822 938 898 ipsius
965 821 1049 880 nulla
1074 822 1220 879 memoria
1246 829 1396 898 superest,
1424 839 1551 880 uxorem
1576 821 1718 880 habuisse

388 927 555 986 Domitiam
572 924 728 984 Calvinam
748 923 840 980 11111111
863 939 923 980 cos.
946 940 973 980 a.
988 941 1017 979 ιι.
1033 940 1058 980 1.
1075 921 1144 980 701.
1161 922 1222 980 714
1244 940 1320 992 eam,
1342 921 1391 980 cui
1405 922 1600 996 probabiliter
1613 921 1719 980 tribuit

390 1027 576 1105 Borghesius
605 1021 967 1100 (reprensionem
989 1022 1134 1080 urbanum
1157 1021 1254 1096 (Mur.
1277 1021 1371 1092 1785,
1390 1020 1444 1096 26)
1466 1023 1557 1081 bunc:
1586 1023 1718 1082 Domitio

393 1129 543 1188 Caluiaiae
564 1127 667 1202 [immo
690 1121 841 1197 Caluinae]
865 1122 884 1179 l.
905 1121 1025 1180 Natalis
1046 1140 1073 1178 o.
1095 1139 1122 1180 o.
1139 1120 1211 1180 XX.
1254 1120 1388 1180 Titulum
1408 1123 1515 1200 ipsius,
1541 1123 1572 1180 in
1593 1140 1653 1198 quo
1674 1122 1720 1180 di·

391 1230 468 1290 citur
492 1227 613 1289 Calvina
634 1225 677 1282 M.
703 1223 799 1282 Silani
813 1223 893 1298 filio,
922 1223 1121 1298 1111111160
1147 1222 1308 1280 attulimus.
1352 1222 1399 1280 Ea
1426 1223 1588 1280 secundum
1615 1241 1719 1282 narra·

390 1331 501 1390 tionem
524 1327 623 1387 Taciti
649 1343 717 1382 ann.
741 1322 824 1394 12,4
850 1340 938 1381 soror
962 1323 1019 1380 fuit
1038 1320 1074 1380 L.
1099 1320 1193 1382 Silani
1219 1323 1323 1398 sponsi
1350 1321 1496 1381 Octaviae
1521 1323 1718 1382 festivissima

390 1431 490 1509 puella
509 1426 640 1504 (Seneca
655 1425 766 1502 Apoth.
784 1425 826 1499 8).
858 1423 963 1499 Nupta
982 1422 1089 1482 deinde
1102 1423 1138 1480 L.
1150 1422 1275 1482 Vitellio
1297 1423 1413 1482 consuli
1433 1441 1461 1482 a.
1474 1423 1513 1482 48
1535 1441 1606 1481 mox
1620 1423 1718 1482 inces-

390 1538 439 1589 tus
460 1548 527 1588 cum
548 1529 640 1586 fratre
661 1526 713 1584 illo
734 1533 874 1583 accusata
894 1542 913 1581 a
934 1541 1037 1582 socero
1059 1522 1215 1598 repudiata
1235 1531 1281 1582 est
1300 1534 1330 1582 et
1350 1544 1377 1582 1.
1392 1525 1432 1584 49
1456 1523 1624 1582 inexilium
1640 1533 1716 1582 acta.

389 1630 491 1689 Rediit
519 1629 574 1687 sub
595 1626 716 1686 Nerone
738 1644 765 1682 a.
782 1625 820 1684 59
843 1624 931 1699 (Tae.
954 1623 1158 1699 auu.14,12)
1180 1625 1332 1700 vitamque
1353 1626 1503 1701 protraxit
1523 1625 1561 1683 ad
1583 1633 1718 1684 extrema

390 1741 526 1808 tempora
539 1727 732 1806 Vespasiani,
753 1726 783 1783 id
805 1733 853 1784 est
873 1725 911 1782 ad
932 1744 959 1782 1.
975 1742 1001 1782 1.
1018 1723 1070 1796 783
1093 1743 1162 1782 nam
1185 1742 1252 1782 cum
1267 1744 1302 1783 eo
1317 1734 1450 1800 tempore
1465 1725 1647 1784 maesoleum
1662 1726 1717 1784 im·

390 1839 562 1908 peratorum
583 1834 705 1903 repente
727 1827 885 1902 patuisset,
901 1823 1108 1900 Vespasianus
1130 1825 1178 1898 iis,
1201 1825 1303 1900 quiid
1323 1826 1383 1903 ipsi
1405 1827 1518 1884 exitum
1540 1827 1717 1902 portendere

389 1931 531 2002 dicerent,
555 1928 711 2005 respondit
731 1926 761 1984 id
783 1925 952 2003 prodigium
974 1925 1012 1983 od
1034 1925 1152 1984 Iuniam
1174 1923 1331 1984 Caluinam
1353 1945 1369 1984 e
1390 1933 1478 2002 geute
1499 1927 1629 2005 Augusti
1651 1947 1718 2004 per·

389 2031 484 2090 tinere
507 2028 604 2106 (Suet.
620 2027 714 2104 Vesp.
737 2026 801 2102 13).
844 2027 920 2084 Eum
947 2027 1038 2102 igitur
1065 2025 1144 2084 circa
1165 2044 1202 2083 ea
1222 2034 1358 2103 tempora
1378 2028 1471 2086 vitam
1492 2027 1627 2086 finivisse
1647 2047 1717 2105 pro-

390 2131 489 2191 babile
510 2139 565 2188 est.

474 2230 503 2289 6.
546 2229 585 2286 L.
608 2229 711 2287 Iunius
731 2228 851 2288 Silanae
866 2227 1026 2302 Torquatus
1048 2225 1100 2302 (L.
1117 2226 1237 2286 Silanus
1259 2227 1339 2304 apud
1354 2227 1493 2287 Tacitum
1514 2229 1715 2304 11111.15,52.

393 2331 446 2402 16,
463 2331 496 2401 7;
521 2325 887 2405 Torquatusib.16,12;
914 2328 1018 2385 Iunias
1044 2327 1208 2402 Torquatus
1235 2329 1314 2404 apud
1340 2328 1470 2387 Diouem
1494 2328 1543 2401 62,
1564 2327 1618 2406 27)
1643 2323 1715 2386 1116-

389 2419 473 2506 p'cvce
494 2431 546 2486 τοῦ
564 2422 744 2504 Ἀυγούπου
774 2427 854 2503 (Dio
875 2427 896 2485 l.
917 2426 959 2502 c.)
984 2437 1055 2502 post
1081 2429 1175 2504 patris
1203 2435 1328 2488 mortem
1358 2430 1547 2488 immaturam
1572 2430 1716 2490 educatus

389 2531 470 2607 apud
491 2531 612 2589 amitam
635 2529 752 2587 Iuniam
771 2527 916 2605 Lepidam
931 2526 967 2586 G.
983 2525 1083 2586 011111
1105 2545 1230 2586 uxorem
1253 2527 1340 2604 (Tac.
1356 2547 1425 2588 ann.
1444 2531 1491 2602 15,
1507 2529 1561 2605 52)
1582 2537 1613 2589 et
1633 2550 1660 2590 1.
1675 2531 1715 2590 60

389 2631 522 2690 suiectus
550 2631 582 2689 in
610 2629 768 2707 collegium
797 2628 919 2705 aliquod
935 2611 1135 2688 'sacerdotum
1166 2629 1295 2704 (narrar
1323 2632 1399 2690 nrv.
1426 2651 1456 2707 p.
1479 2629 1535 2701 sa;
1567 2631 1716 2690 uersutis

390 2729 496 2808 coopt.
518 2751 548 2808 p.
565 2730 639 2802 2265
667 2729 814 2808 Borghesi
835 2729 856 2787 l.
879 2747 904 2786 o.
926 2749 955 2806 p.
975 2729 1048 2800 1983
1076 2737 1211 2806 superest
1235 2729 1276 2788 ibi
1298 2729 1337 2789 L.
1359 2731 1462 2790 Iunias
1485 2729 1606 2792 Silanus
1627 2732 1714 2810 ....)

388 2833 443 2894 sub
466 2833 586 2892 Nerone
608 2851 636 2890 1.
652 2831 691 2890 65
720 2832 851 2890 incestus
877 2839 1035 2890 accusatus
1057 2838 1103 2890 est
1125 2849 1191 2889 cum
1213 2831 1305 2889 amita
1323 2830 1382 2888 illa'
1397 2833 1548 2890 commissi
1575 2841 1605 2891 et
1625 2851 1715 2910 prop·

388 2943 471 2994 terea
498 2933 680 2992 interfectus.
733 2931 783 2990 Ex
812 2931 908 2990 tribus
936 2931 1096 3000 fratribus,
1128 2947 1203 3006 quos
1232 2932 1451 3005 recensuimus,
1477 2951 1544 2992 oum
1570 2933 1715 2993 Decimus

388 3044 512 3110 patruus
540 3034 605 3092 eius
633 3033 749 3091 dicatur
776 3030 867 3107 (Tac.
894 3032 913 3089 l.
933 3032 990 3107 e),
1023 3030 1136 3090 Lucius
1163 3031 1242 3090 diem
1270 3031 1377 3091 obierit
1403 3041 1563 3109 antequam
1590 3053 1714 3094 uxorem

388 3133 525 3207 duceret,
552 3133 687 3192 Marcum
714 3141 828 3207 patrem
849 3132 914 3191 eius
935 3131 1031 3190 luisse
1053 3131 1164 3190 dudum
1186 3132 1368 3190 intellectum
1390 3143 1444 3191 est.
1488 3132 1608 3192 Titulus
1628 3137 1715 3195 urba·

388 3251 456 3304 nus,
478 3235 509 3292 iu
530 3252 591 3308 quo
613 3251 673 3290 non
692 3233 803 3306 legitur
824 3233 884 3290 nisi
904 3231 943 3290 L.
966 3231 1069 3292 Silano
1095 3232 1237 3308 Torquato
1260 3230 1355 3308 (Gud.
1371 3233 1441 3304 331,
1458 3233 1501 3309 6),
1522 3235 1716 3310 probabiliter

388 3350 408 3391 a
428 3331 597 3408 Borghesio
620 3333 659 3390 16
679 3332 758 3392 huuc
778 3333 892 3391 relatus
914 3341 970 3404 est,
992 3333 1102 3409 quippe
1124 3333 1175 3408 qui
1197 3333 1236 3391 16
1257 3333 1387 3392 honores
1409 3351 1468 3392 uon
1489 3335 1627 3394 videatur
1647 3355 1715 3412 per·
1796 3371 1799 3378 Δ

388 3433 516 3492 venisse.
551 3431 590 3490 L.
607 3431 726 3491 Silanus
748 3433 784 3504 is,
807 3433 855 3492 cui
876 3433 1041 3509 imperante
1056 3431 1159 3492 Nerva
1173 3432 1303 3492 Titinius
1318 3431 1426 3508 Capito
1448 3442 1578 3494 statuam
1600 3435 1715 3496 11111111

387 3534 419 3592 iu
444 3533 511 3593 foro
537 3533 639 3609 posuit
665 3533 801 3609 (Plinius
823 3551 869 3608 ep.
888 3532 1001 3609 1,17)‚
1026 3533 1122 3592 eidem
1146 3533 1224 3592 idem
1246 3533 1377 3592 creditur
1397 3553 1523 3612 eamque
1543 3537 1713 3612 opinionem

387 3653 445 3712 ego
471 3651 591 3708 quoque
617 3641 737 3692 secutus
760 3650 825 3692 sum
847 3634 878 3691 in
898 3633 996 3692 indice
1016 3633 1172 3705 Pliniano;
1199 3641 1327 3694 ceterum
1351 3636 1402 3694 ubi
1424 3637 1619 3696 adseverem
1641 3657 1715 3698 exa·

388 3753 456 3792 meu
483 3752 548 3792 earn
574 3751 711 3805 revoces,
736 3732 890 3794 latendum
912 3745 959 3794 est
978 3734 1116 3794 idoneam
1138 3751 1260 3793 causam
1282 3735 1395 3794 nullam
1417 3737 1558 3812 proferri,
1586 3757 1640 3798 cur
1665 3739 1713 3798 hic

387 3835 579 3912 potissimum
603 3835 805 3911 intellegatur.
848 3835 952 3894 Potuit
977 3854 1050 3895 sane
1075 3833 1183 3913 Capito
1211 3835 1254 3895 sic
1275 3836 1423 3896 honorare
1443 3837 1579 3897 ultimum
1601 3857 1713 3899 marem

387 3954 425 3996 cx
447 3937 576 4012 posteris
597 3935 740 4015 Augusti.

472 4035 606 4098 Stemma
627 4035 741 4094 subieci
762 4053 853 4113 supra
874 4037 962 4097 dictis
984 4037 1223 4097 assuetionibus
1245 4039 1508 4099 accommodatum.
