3858 5960
574 478 580 487 ’
631 567 1089 680 molliuntur

501 751 579 832 ΑΙ)
613 749 872 834 CORPORIS
902 750 1159 836 VOLVMEN
1187 752 1217 834 Ι.

192 989 283 1052 ilisa
304 993 380 1051 cista
402 1008 490 1048 aerea
512 989 587 1048 artis
609 989 738 1048 rudioris
760 1009 856 1066 nuper
874 991 1039 1050 Praeneste
1059 1000 1187 1066 reperta,
1209 1008 1287 1066 quaa
1308 1008 1386 1050 nunc
1407 998 1525 1066 prostat

234 1093 350 1153 Romae
371 1090 450 1169 apud
472 1092 645 1166 Augustum
668 1089 895 1150 castellanium.

591 1207 674 1284 (vide
695 1208 829 1268 tabulam
853 1228 869 1266 e
890 1210 1012 1287 regione
1033 1229 1062 1269 n.
1079 1208 1122 1284 9.)
1208 1199 1210 1203 ¹

193 1328 261 1388 Stat
286 1329 376 1385 homo
402 1327 546 1386 loricatus
572 1333 603 1384 et
628 1327 771 1386 barbatus
795 1326 940 1403 (uersas),
970 1329 1053 1386 cuius
1082 1328 1189 1386 dextra
1215 1345 1324 1404 equum
1344 1326 1411 1386 loro
1432 1336 1523 1400 tenet,

193 1428 319 1487 sinistra
344 1428 433 1486 hasta
457 1426 603 1486 innititur.
645 1428 696 1486 Ad
722 1447 790 1486 eum
816 1429 932 1487 accedit
955 1429 1131 1488 adulescens
1153 1434 1370 1504 campestratus
1391 1427 1522 1504 (sinos),

192 1527 302 1586 dextra
328 1538 467 1604 porrecta
494 1534 648 1604 tamquam
676 1527 791 1604 aliquid
819 1547 885 1587 cum
912 1548 948 1588 eo
975 1530 1258 1600 communicaturum
1292 1528 1416 1587 sinistra
1442 1536 1524 1588 tenet

191 1629 320 1699 hastam,
344 1628 435 1686 dorso
456 1636 555 1706 gestat
575 1647 688 1706 peram,
711 1646 750 1687 ex
772 1647 831 1705 qua
846 1629 945 1688 avium
961 1629 1128 1705 (anatumi)
1144 1629 1243 1706 capita
1256 1635 1386 1688 exstant.
1421 1629 1523 1706 Prope

195 1737 243 1787 est
263 1727 438 1794 adulescens
461 1729 619 1805 (orrsrsl)
642 1727 770 1788 adversa
789 1727 874 1803 facie,
897 1747 916 1788 a
936 1729 1021 1788 cuius
1036 1729 1146 1789 umeris
1161 1739 1190 1788 et
1203 1736 1327 1806 petasus
1343 1737 1373 1787 et
1387 1729 1523 1806 chlamys

191 1827 315 1904 pendct3
337 1829 445 1889 dextra
465 1829 553 1888 basta
566 1829 720 1889 innititur.
756 1830 807 1888 Ab
828 1829 867 1890 iia
889 1848 964 1907 quos
985 1831 1051 1890 dixi
1072 1847 1196 1889 aversus
1219 1839 1280 1890 etat
1301 1847 1394 1888 senex
1416 1829 1521 1889 calvus

192 1928 353 2003 (roanavs
368 1954 405 1980 =
422 1930 629 2007 Tyndareus),
651 1939 770 2006 sceptro
785 1931 918 2004 innixus,
935 1931 1041 1992 dextra
1053 1937 1192 2008 porrecta
1205 1929 1242 1989 ad
1257 1929 1413 1990 mulierem
1428 1929 1522 2006 pallio

193 2030 332 2088 amictam
354 2048 431 2106 quae
452 2049 547 2107 prope
569 2038 631 2090 stat
651 2049 766 2092 aversa.
804 2030 901 2091 Cuius
921 2049 1028 2090 nomen
1050 2031 1116 2090 lieri
1136 2037 1238 2108 potest
1254 2037 1287 2089 ut
1299 2030 1432 2108 perierit,
1453 2048 1521 2089 curn

192 2147 244 2188 aes
270 2147 305 2188 eo
330 2130 399 2189 leco
421 2132 611 2191 uehementer
632 2131 672 2190 sit
693 2149 856 2191 corrosum.
899 2132 950 2190 Ad
971 2132 1164 2208 Tyndareum
1187 2139 1287 2192 autem
1309 2131 1408 2190 assilit
1427 2131 1520 2190 oanis.

192 2226 338 2305 Sequitur
358 2231 448 2288 homo
468 2231 610 2291 loricatus
632 2251 740 2308 equum
762 2233 827 2290 loro
849 2239 964 2292 tenens.
1000 2232 1161 2308 Adscripta
1174 2250 1242 2292 cum
1256 2232 1317 2292 sint
1332 2246 1522 2304 sucrwvcvs,

192 2338 306 2388 certum
333 2339 380 2388 est
404 2345 467 2388 sacr
488 2333 637 2408 pertinere
658 2332 696 2390 ad
718 2333 883 2405 hominem,
910 2347 1006 2392 tvcvs
1029 2333 1068 2392 ad
1090 2351 1210 2410 equum.
1253 2332 1431 2393 Postremae
1453 2343 1522 2392 sunt

190 2429 267 2488 duae
289 2430 429 2491 mulieres
450 2432 549 2491 nudae
570 2431 722 2508 (canistra
743 2441 773 2492 et
795 2432 914 2508 recma)
937 2433 1017 2493 circa
1037 2433 1163 2492 labrum.

232 2529 297 2588 Iam
326 2548 392 2590 cum
421 2532 528 2592 cistam
555 2549 753 2608 proponerem
780 2533 813 2594 in
841 2549 985 2594 consessu
1012 2533 1145 2594 instituti
1174 2531 1394 2610 archaeologiei
1422 2532 1519 2606 (Ball.

192 2629 257 2688 deli’
280 2632 351 2690 Inar.
378 2631 457 2690 1872
479 2652 509 2709 p.
528 2632 617 2708 107),
644 2634 829 2696 statui.eum
856 2634 908 2712 qui
934 2634 1040 2692 cistam
1065 2633 1185 2694 lecisset
1204 2633 1238 2692 in
1257 2631 1369 2691 fabulis
1391 2628 1520 2691 Graecia

190 2749 250 2790 nun
270 2731 365 2790 fuisse
385 2737 547 2805 versatum,
569 2732 624 2791 aed
645 2733 799 2810 expressis
821 2735 968 2811 exemplis
989 2733 1063 2794 artis
1079 2731 1213 2794 Graecae
1231 2730 1383 2792 nonnullis
1399 2732 1521 2790 nomina

189 2831 385 2908 adscripsisse
407 2833 445 2892 ad
467 2833 633 2892 arbitrium.

187 2999 275 3062 rust
297 3006 451 3081 speculum
473 3015 623 3084 repertum
645 3007 820 3082 Praeneste,
840 3017 925 3069 extat
944 3009 1060 3068 Romae
1083 3007 1162 3086 apud
1182 3005 1409 3067 Martinettium.
1484 3021 1486 3024 ·

804 3145 906 3188 ananau
920 3144 1002 3187 turrate

793 3230 853 3269 ralla
866 3228 897 3268 ad
909 3231 1012 3270 natarum

811 3310 880 3351 stride
894 3319 997 3362 represso

855 3409 952 3452 uano
1146 3365 1296 3416 ''mm''

1106 3446 1184 3487 aratra
1197 3444 1229 3486 ad
1239 3454 1337 3485 murram

282 3525 305 3566 ,η
319 3537 368 3578 rre-
502 3513 578 3562 puua
592 3511 674 3552 eurum
802 3511 864 3553 aaa·
879 3511 904 3551 ts
920 3511 1002 3562 cremis
1113 3526 1244 3580 rampses
1258 3499 1331 3568 renas

293 3615 356 3658 „m
473 3592 549 3634 rratlta
563 3597 584 3634 rt
596 3595 705 3644 speculam
792 3593 853 3636 radet
862 3595 938 3644 parua
951 3593 1012 3634 auda
1128 3621 1143 3652 3
1156 3611 1221 3652 am,
1236 3609 1314 3662 aqua.

1419 3589 1441 3778 cn-:nsxA
1417 3495 1442 3546 et
1422 3321 1451 3467 quae
1423 3177 1451 3294 aeq.

294 3690 349 3732 rm,
552 3680 624 3716 uaeas
808 3679 889 3716 onera
903 3673 996 3716 urmttttr
1109 3692 1200 3742 mum,
1211 3695 1331 3744 mmm

277 3770 375 3812 canusa
544 3773 628 3817 aman
857 3759 949 3816 tasin
1190 3772 1250 3814 maa

609 3871 665 3934 'ad
686 3875 761 3934 latua
780 3893 834 3951 per
856 3875 1071 3950 longitudinem:

367 3988 461 4033 celsis
476 4001 483 4018 ·
500 3991 635 4036 severam
649 4005 656 4020 ·
672 3991 747 4034 rara
762 4003 769 4018 ·
785 3990 840 4033 aar
855 4003 862 4018 ·
879 3989 968 4031 ΝΜΟ
983 4003 990 4017 ·
1006 3988 1092 4032 sarto
1108 4001 1115 4017 ·
1131 3985 1210 4030 aros
1226 3999 1233 4014 ·
1249 3985 1306 4028 rtur
1323 3998 1330 4014 ·

186 4089 341 4168 Descripsi
362 4091 527 4170 diligenter,
548 4111 622 4154 mox
642 4093 804 4174 recognovi
824 4111 893 4152 eum
906 4091 1061 4152 Henneno.
1096 4089 1228 4169 Figurae
1248 4086 1345 4147 adhuc
1362 4085 1457 4144 latent
1470 4103 1511 4144 ex

183 4199 269 4267 parte
295 4193 351 4252 sub
377 4193 529 4273 aerugine.
571 4195 730 4255 Eiusmodi
755 4195 903 4272 picturam
925 4212 985 4254 non
1006 4211 1046 4252 ex
1066 4190 1178 4250 tabulis
1199 4187 1370 4267 repetitam,
1398 4185 1453 4244 sed
1474 4186 1513 4244 ad

183 4290 281 4367 ipsam
300 4293 393 4353 vitam
414 4295 607 4355 domesticam
628 4295 833 4356 adumbratam
854 4295 886 4354 in
907 4292 1037 4372 speculis
1058 4291 1157 4352 adhuc
1177 4307 1239 4349 non
1259 4287 1456 4348 habebamus.
1472 4315 1511 4329 -

183 4388 288 4450 Lectio
310 4401 393 4452 certa
412 4404 458 4454 est
478 4395 629 4470 universa,
650 4396 710 4456 nisi
731 4396 811 4471 qued
832 4396 865 4455 in
885 4394 1079 4472 inscriptione
1100 4392 1138 4452 ad
1155 4392 1234 4451 latus
1248 4389 1350 4467 posita
1363 4385 1443 4447 tertii
1458 4405 1511 4445 vo·

184 4491 281 4550 cabuli
306 4494 436 4568 primum
460 4495 640 4554 elementum
662 4504 715 4554 aut
735 4504 782 4555 est
802 4505 837 4555 ut
857 4495 925 4555 dedi
947 4500 1000 4552 aut
1019 4493 1063 4553 sic
1084 4509 1113 4564 [ς
1138 4493 1210 4553 item
1232 4489 1351 4568 septimi
1372 4483 1509 4547 vocabuli

183 4591 347 4652 secundum
368 4594 549 4654 elementum
570 4604 623 4654 aut
644 4609 664 4654 τ
685 4604 733 4654 est
753 4605 807 4655 aut
827 4612 846 4654 1.

183 4758 271 4822 1⁶80
294 4763 332 4822 In
357 4765 449 4838 cista,
470 4785 561 4845 quam
588 4785 681 4846 supra
701 4786 731 4844 p.
749 4766 788 4825 14
809 4765 904 4836 edidi,
930 4771 1036 4843 postea
1055 4764 1144 4824 etiam
1166 4766 1204 4825 ad
1225 4764 1350 4842 figuram
1370 4760 1512 4821 Herculis
1588 4839 1591 4848 .

222 4879 332 4923 nomen
354 4863 538 4944 adscriptum
560 4863 617 4926 sub
638 4867 780 4945 aerugine
792 4853 913 4944 'prodiit
934 4866 979 4925 sic
998 4849 1143 4968 nantuel.

266 4979 391 5040 Romae.
1263 4983 1310 5040 W.
1333 4979 1468 5040 Hatera.

1249 5155 1284 5211 ll
