3858 5960
403 507 475 578 150
973 523 1155 578 noussen

483 696 512 754 3.
554 695 590 754 L.
612 692 796 771 Calpurnius
817 695 890 754 Piso
916 694 1024 754 consul
1045 714 1073 754 a.
1088 694 1138 766 57,
1167 693 1247 752 iilius
1269 691 1305 752 L.
1328 693 1449 753 Pisonis
1469 696 1603 755 consulis
1630 716 1657 755 a.
1674 695 1726 768 27,

399 797 571 856 interfectus
591 795 624 854 in
645 795 749 854 Africa
769 813 796 852 a.
814 795 863 866 69,
885 795 922 854 de
943 814 1004 872 qno
1025 795 1088 853 dixi
1108 795 1139 853 in
1160 794 1257 854 indice
1277 794 1418 854 Pliniana
1439 813 1470 872 p.
1486 796 1558 855 405.

483 896 525 955 Hi
547 903 607 955 tres
629 895 668 954 ad
686 895 818 954 Atticum
841 896 958 954 titulum
980 915 1059 968 eum,
1080 895 1118 954 de
1139 913 1199 971 quo
1217 895 1348 971 agimus,
1369 913 1424 973 per
1445 913 1478 955 se
1498 897 1565 974 pari
1587 897 1653 956 iure
1674 897 1726 957 ad·

399 998 478 1056 mitti
503 1014 596 1074 posse
617 997 767 1069 videntur3
794 996 931 1056 similiter
955 1005 989 1055 ut
1014 996 1062 1055 oni
1089 995 1178 1054 simul
1206 1002 1306 1054 statua
1329 997 1431 1073 posita
1455 1005 1502 1055 est
1526 999 1567 1056 M.
1590 997 1725 1058 Licinius

400 1099 441 1157 M.
463 1097 593 1175 lFrugi
614 1105 715 1174 potest
734 1096 830 1155 fuisse
852 1105 883 1156 et
902 1096 1007 1156 consul
1028 1114 1055 1154 a
1072 1095 1111 1154 27
1132 1103 1162 1154 et
1183 1097 1291 1156 consul
1312 1116 1339 1155 a
1356 1096 1406 1156 64.
1442 1097 1604 1156 Videamus
1626 1099 1726 1175 igitur,

399 1219 469 1258 num
497 1200 575 1258 inter
596 1198 652 1256 has
673 1215 818 1274 personas
840 1215 895 1273 par
916 1197 1038 1274 aliquod
1059 1197 1227 1274 reperiatur
1247 1197 1291 1255 ita
1311 1197 1515 1270 coniunctum,
1541 1207 1575 1257 ut
1595 1200 1724 1258 necessi·

399 1301 470 1358 tudo
499 1299 713 1358 dubitationem
741 1297 863 1356 eximat.
914 1295 975 1357 Sed
1003 1307 1037 1356 ut
1064 1297 1102 1356 de
1129 1298 1186 1356 buo
1214 1298 1433 1358 necessitudine
1461 1307 1540 1357 recte
1568 1300 1725 1372 iudicetur,

397 1407 487 1459 antea
500 1399 659 1474 videndum
674 1409 730 1472 est,
752 1417 824 1456 num
842 1399 920 1457 forte
934 1397 1125 1458 determinari
1138 1399 1245 1476 possit,
1267 1407 1334 1458 uter
1347 1417 1450 1458 eorum
1465 1401 1598 1459 virorum
1612 1401 1643 1458 in
1658 1401 1726 1460 basi

396 1502 451 1560 illa
479 1501 592 1577 duplici
619 1501 719 1561 locum
748 1500 970 1558 honoratiorem
998 1507 1134 1576 occupet.
1176 1499 1212 1558 Id
1240 1518 1279 1558 cx
1308 1500 1376 1577 ipsa
1403 1500 1600 1560 collocatione
1628 1501 1724 1560 decidi

397 1620 488 1680 posse
515 1602 636 1680 negarit
657 1600 881 1676 Dittenberger3
908 1600 1032 1677 reperiri
1054 1599 1183 1660 Athenis
1208 1601 1299 1660 bases
1325 1599 1399 1660 duas
1427 1601 1514 1660 binas
1536 1608 1652 1660 statuae
1673 1603 1723 1660 ha-

397 1706 517 1775 bentes,
544 1721 671 1778 quarum
697 1701 793 1760 altera
818 1710 933 1777 patrem
954 1701 1077 1762 Eubioti
1098 1700 1253 1760 cniusdam
1273 1701 1383 1760 habeat
1402 1701 1529 1760 intuenti
1550 1721 1570 1760 a
1591 1703 1723 1776 sinistra,

397 1813 523 1864 matrem
548 1801 681 1862 eiusdem
708 1821 725 1860 a
751 1801 871 1873 dextra,
898 1801 994 1860 altera
1014 1803 1141 1861 intuenti
1162 1821 1182 1860 a
1202 1802 1325 1860 sinistra
1346 1799 1505 1862 Claudiam
1526 1802 1724 1862 Athenaidem

397 1904 501 1965 nescio
526 1922 631 1980 quam,
659 1922 679 1961 a
705 1901 813 1961 dextra
833 1901 881 1961 Ti.
905 1901 1064 1963 Claudium
1086 1901 1239 1962 Herodem
1259 1903 1395 1962 Atticum
1422 1912 1502 1962 certe
1522 1903 1576 1962 illa
1597 1905 1724 1964 honora·

397 2007 513 2064 tiorem.
556 2005 599 2063 At
624 2004 656 2062 in
681 2005 738 2062 hoc
764 2011 867 2063 nostro
894 2001 980 2062 titulo
1006 2002 1137 2080 priorem
1162 2003 1261 2062 locum
1285 2003 1419 2062 obtinere
1440 2004 1536 2064 virum
1557 2005 1683 2064 intuenti
1704 2027 1723 2064 a

397 2107 520 2166 sinistra
539 2105 669 2183 positum
691 2103 760 2163 inde
781 2103 905 2181 colligo,
932 2102 1014 2180 qnod
1035 2103 1232 2180 praescriptio
1253 2103 1293 2162 ad
1313 2112 1472 2181 utrumque
1492 2104 1610 2166 titulum
1632 2107 1722 2182 perti·

396 2226 472 2267 nens
501 2205 514 2264 ὃ
537 2200 624 2276 δῆμος
644 2205 714 2264 hnic
735 2206 793 2264 soli
814 2203 1007 2281 superposita
1026 2213 1082 2262 eat.
1126 2201 1224 2277 Quam
1244 2207 1283 2264 ob
1305 2224 1368 2263 rem
1388 2205 1550 2281 quaerendi
1572 2214 1642 2265 sunt
1662 2207 1722 2265 duo

396 2306 533 2369 homines
553 2315 619 2365 arta
639 2307 820 2365 necessitate
840 2304 1001 2376 coniuncti,
1023 2322 1148 2380 quorum
1165 2305 1250 2382 prior
1262 2313 1293 2365 et
1306 2305 1405 2380 potior
1418 2305 1587 2384 appelletur
1600 2307 1637 2366 L.
1653 2305 1723 2367 cal-

396 2409 522 2487 purnius
542 2407 579 2468 L.
601 2407 622 2466 l.
644 2406 729 2478 Piso,
751 2406 828 2465 ulter
848 2406 889 2464 M.
911 2405 1046 2464 Licinius
1068 2406 1109 2464 M.
1131 2405 1153 2464 f.
1175 2405 1279 2484 Frugi.

480 2509 555 2568 Mihi
576 2509 682 2566 harum
703 2508 835 2584 gentium
857 2507 1051 2584 cognationes
1071 2505 1292 2582 affinitatesque
1312 2508 1493 2585 expendenti
1515 2510 1591 2568 duae
1606 2509 1722 2570 coniec-

396 2622 481 2672 turae
506 2628 539 2670 se
566 2603 794 2683 obtuleruut1),
822 2625 948 2683 quarum
975 2607 1044 2666 licet
1069 2607 1194 2666 alterum
1220 2607 1315 2667 altera
1333 2609 1563 2686 probabiliorem
1584 2610 1720 2692 indicem,

396 2720 498 2772 temen
525 2729 563 2768 ne
591 2709 726 2767 fraudem
752 2707 861 2768 iecisse
889 2707 993 2768 videar
1020 2708 1171 2766 reticendo
1198 2709 1296 2768 minus
1324 2691 1523 2785 probabilem,
1554 2729 1721 2792 proponam

396 2821 562 2889 utrumque.
604 2810 740 2869 Primum
762 2825 856 2885 snpra
875 2807 1004 2868 vidimus
1026 2809 1066 2867 M.
1083 2806 1189 2868 Crassi
1210 2807 1304 2886 Frugi
1325 2795 1459 2869 consulis
1481 2829 1508 2869 a.
1525 2811 1565 2870 64
1586 2829 1721 2871 sororem

396 2913 536 2992 nupsisse
557 2909 593 2971 L.
615 2909 722 2969 Pisoni
742 2909 876 2987 pontifici
897 2910 1067 2986 eidemque,
1094 2909 1154 2968 nisi
1175 2895 1280 2969 nostru
1300 2928 1356 2970 noa
1376 2911 1457 2970 fallit
1476 2912 1625 2988 opinatio,
1651 2931 1721 2972 oon·

395 3014 455 3074 suli
481 3032 509 3072 a.
524 3011 574 3071 57.
616 3009 658 3070 Ηὶ
685 3010 745 3069 duo
772 3010 870 3070 irater*
892 3011 1067 3086 sororisque
1092 3011 1218 3070 maritus
1243 3028 1302 3069 non
1323 3011 1423 3088 inepte
1444 3021 1605 3088 potuerunt
1624 3011 1720 3072 eidem

395 3116 462 3175 basi
488 3111 615 3190 imponi,
644 3130 698 3171 nec
725 3111 789 3170 sine
815 3129 905 3171 causa
925 3111 1104 3189 praecedere
1124 3111 1151 3169 is
1173 3111 1224 3188 qui
1245 3111 1328 3189 prior
1348 3131 1450 3171 eorum
1472 3112 1512 3170 ad
1532 3114 1720 3174 consulatum

395 3214 649 3291 pervenisset-
681 3213 723 3270 At
749 3211 775 3270 si
801 3230 870 3271 vere
898 3229 990 3287 supra
1014 3211 1171 3289 posuimus
1195 3210 1234 3270 L.
1255 3211 1398 3272 Pisonem
1426 3213 1581 3272 consulem
1612 3233 1639 3272 a.
1660 3213 1718 3272 739

395 3324 509 3392 patrem
535 3312 702 3371 naturalem
727 3311 821 3371 inisse
849 3312 890 3370 M.
913 3311 1018 3373 Crassi
1040 3311 1134 3391 Frugi
1160 3311 1294 3372 consulis
1320 3331 1347 3371 a.
1364 3313 1414 3385 27,
1441 3314 1528 3390 longe
1552 3315 1652 3392 aptius
1676 3314 1720 3374 ita

394 3417 557 3494 iunguntur
577 3419 663 3489 pater
684 3419 714 3472 et
734 3412 826 3488 lilius,
847 3431 972 3488 eamque
993 3414 1194 3472 coniecturam
1215 3413 1275 3472 iam
1296 3413 1443 3490 praefero.

394 3577 598 3590 -—-

472 3687 496 3750 ¹)
524 3687 675 3752 Nipperdeii
699 3687 742 3748 (ad
761 3687 824 3738 Tae.
845 3701 905 3738 ann.
924 3687 1010 3750 e,10)
1032 3689 1179 3739 coniectura
1197 3688 1383 3754 intellegendos
1402 3703 1457 3740 esse
1474 3689 1505 3740 L.
1524 3688 1646 3740 Pisonem
1665 3705 1717 3740 cos.

394 3778 481 3830 raas
500 3785 525 3828 et
543 3777 582 3828 M.
599 3777 720 3830 Crassum
738 3793 790 3828 eos.
809 3793 833 3828 a.
848 3780 910 3841 740,
931 3795 995 3844 quos
1013 3793 1135 3844 generum
1154 3793 1321 3845 socerumque
1340 3794 1395 3830 esse
1413 3787 1494 3845 putat,
1513 3795 1570 3830 oum
1592 3781 1624 3831 lis
1642 3795 1716 3846 argu·

394 3870 486 3921 mentis
503 3869 636 3932 refutatur,
660 3884 726 3934 qnae
744 3885 822 3935 supra
839 3871 921 3932 studi,
941 3877 996 3920 tum
1015 3870 1084 3936 qnod
1103 3871 1139 3921 ita
1156 3877 1320 3936 praepostere
1337 3881 1417 3936 gener
1434 3885 1525 3922 socero
1542 3873 1716 3937 praeponitur.

392 3961 423 4014 Si
445 3961 490 4026 qni
514 3960 608 4025 cogitet
625 3960 657 4010 de
675 3960 797 4012 iratribus
814 3961 853 4012 M.
867 3961 960 4012 Crasso
978 3961 1058 4026 Frugi
1077 3977 1129 4014 cos.
1148 3975 1172 4012 a.
1187 3962 1223 4012 64
1241 3967 1267 4010 et
1284 3963 1315 4012 L.
1335 3961 1430 4012 Pisone
1449 3961 1570 4026 adoptato
1588 3976 1605 4013 a
1623 3961 1715 4024 Galba,

389 4055 452 4103 item
476 4051 600 4114 obstabit,
625 4052 694 4117 quod
717 4053 754 4104 ita
776 4052 859 4103 maior
880 4052 960 4102 irater
983 4053 1076 4102 minori
1099 4053 1183 4102 loeum
1202 4051 1283 4116 eedit;
1306 4059 1440 4118 praeterea
1457 4053 1579 4103 Pisonem
1597 4068 1656 4104 eum
1674 4053 1715 4103 M.

390 4143 472 4193 fllium
496 4157 566 4204 esee,
589 4157 641 4194 non
665 4145 738 4196 Lucii
761 4159 839 4210 supra
859 4143 970 4194 vidimus
993 4158 1041 4194 nee
1063 4149 1131 4194 recta
1155 4144 1237 4193 omitti
1262 4144 1345 4208 potuit
1363 4158 1505 4208 cognomen
1524 4143 1714 4209 quodammodo

390 4225 471 4297 arripior
489 4234 626 4286 Liciniani.
