3826 5962
667 615 835 668 aunuum
854 617 1093 670 consumunt.
1473 605 1543 676 191

220 787 359 848 Tacitum
390 787 566 846 referentem
598 787 635 846 de
664 783 783 846 Galbae
814 789 1022 848 consulatuum
1054 789 1241 849 ordinatione
1269 791 1307 850 ab
1336 789 1454 852 Othone
1486 813 1547 853 non

219 897 334 948 mutata
365 888 487 947 nomina
514 889 654 966 posuisse
682 905 742 948 nen
769 889 899 948 omniurn
929 889 1086 949 consulum
1115 909 1135 948 a
1162 887 1263 950 Galba
1289 899 1342 951 aut
1367 900 1547 954 retentorum

221 996 273 1047 aut
300 997 480 1063 creatorum,
510 990 563 1050 sed
591 1009 628 1049 ea
654 997 767 1048 ancum
795 989 951 1050 consulum
978 992 1064 1067 paria
1092 993 1278 1066 enuntiasse,
1307 1012 1383 1070 quae
1412 1012 1482 1052 vere
1509 994 1548 1052 ad

220 1090 363 1148 bonorem
390 1098 496 1166 postea
522 1091 745 1166 pervenissent,
773 1091 889 1168 reliqua
917 1092 974 1150 sub
1001 1101 1164 1153 ceterorum
1188 1094 1333 1152 vocabulo
1360 1093 1547 1171 significasse

220 1199 401 1250 conantum.
445 1191 553 1267 ltaque
576 1189 675 1250 Galba
700 1209 810 1250 annum
832 1193 876 1252 ita
896 1192 1062 1266 distribuit,
1091 1204 1124 1253 ut
1144 1203 1213 1271 post
1233 1195 1361 1271 primum
1383 1196 1547 1254 nundinum

221 1291 439 1368 quadrimestre
460 1299 654 1368 sequerentur
675 1291 831 1352 bimestris
851 1301 1003 1369 quattuor,
1025 1293 1164 1371 deditque
1178 1295 1289 1355 Maium
1312 1302 1342 1354 et
1360 1296 1477 1354 Iunium
1493 1293 1546 1355 Sa·

221 1391 310 1464 binis,
331 1391 440 1452 Iulium
462 1401 493 1451 et
512 1395 685 1471 Augustum
709 1394 861 1452 Antonino
883 1404 913 1452 et
935 1392 1036 1467 Celso,
1059 1393 1274 1472 Septembrem,
1297 1395 1468 1468 Octobrem,
1484 1395 1546 1454 No-

221 1493 380 1564 vembrem,
401 1493 597 1552 Decembrem
620 1493 722 1553 divisit
742 1496 820 1554 inter
840 1495 990 1555 Marinum
1010 1497 1147 1556 Macrum
1169 1495 1292 1557 Gustum
1316 1499 1456 1557 Atticum.
1500 1535 1504 1546 ·

302 1591 373 1653 ‘lam
399 1593 553 1654 videamus
580 1595 617 1654 de
634 1593 767 1654 Vitellio.
812 1594 983 1656 Secundum
1010 1615 1047 1656 ea
1072 1616 1148 1674 quae
1175 1599 1307 1657 diximus
1334 1606 1454 1658 constat
1479 1615 1546 1656 eum

221 1694 381 1754 retinuisse
409 1715 447 1754 ex
473 1695 630 1755 destinatis
658 1713 676 1753 a
698 1694 797 1756 Galba
819 1695 948 1758 Sabinos
970 1699 1282 1780 duos,Antoninnm,
1305 1696 1446 1769 Celsum,
1467 1698 1547 1755 Atti·

220 1815 300 1868 cum,
327 1796 439 1855 honore
465 1797 615 1875 depulisse
642 1795 806 1869 Marinum,
833 1798 983 1870 Macrum,
1006 1796 1139 1858 Costam.
1183 1800 1252 1876 lpse
1280 1799 1450 1875 designavit
1476 1817 1547 1857 con·

220 1897 301 1956 sales
323 1907 465 1973 quattuor
480 1897 648 1970 Valentem,
672 1896 842 1971 Caecinam,
865 1897 1048 1976 Simplicem,
1071 1899 1228 1978 Regulum.
1272 1900 1312 1958 Et
1337 1899 1374 1958 de
1396 1899 1458 1958 illis
1480 1895 1547 1974 qui·

176 2067 179 2072 Ι
220 1997 287 2056 dem
316 1999 360 2058 sic
387 2001 431 2058 ait
456 1999 580 2058 Tacitus
606 1999 639 2070 2,
663 2001 715 2058 71:
747 2009 779 2058 nt
802 2000 916 2060 Valenti
942 2009 969 2059 st
997 1998 1136 2060 Caecinae
1164 2018 1269 2060 anama
1298 2001 1412 2058 loacas
1439 2017 1547 2058 menses

218 2102 353 2174 aperiret,
375 2105 496 2158 mortali
516 2100 639 2158 aliorum
660 2101 840 2160 consulatus:
868 2101 1065 2160 dissimulatae
1087 2101 1185 2159 Marci
1207 2101 1307 2159 Macri
1444 2111 1470 2158 ct
1489 2098 1546 2158 Vc·

220 2199 319 2258 leriam
333 2199 482 2260 Marinum
503 2203 673 2260 destinatum
693 2223 713 2260 a
731 2201 827 2262 Galba
848 2203 959 2261 distulit
1071 2203 1215 2260 Pedanius
1230 2202 1317 2261 Costa
1338 2205 1475 2260 omittitur

220 2300 270 2358 Ad
291 2299 463 2378 Simplicem
491 2303 570 2378 quod
596 2303 716 2374 attinet,
743 2303 786 2362 sie
814 2303 892 2361 idem
914 2301 963 2378 (2,
980 2303 1047 2378 60):
1075 2303 1175 2362 llario
1200 2302 1279 2363 Celso
1301 2303 1465 2362 consulatus
1487 2317 1547 2360 scr·

219 2403 312 2472 vatur,
341 2403 392 2460 scd
416 2404 551 2462 creditam
570 2407 657 2480 sama
678 2405 868 2480 obiectumque
888 2423 953 2462 mon
974 2407 1004 2460 in
1025 2413 1126 2462 senata
1147 2405 1270 2462 Caecilio
1294 2401 1442 2479 Simplici,
1471 2403 1550 2478 qaod

218 2519 280 2562 enm
306 2503 437 2562 bonorem
460 2507 586 2579 pecnnia
611 2509 733 2564 mercori
757 2523 808 2564 nec
830 2508 891 2562 sinc
912 2509 996 2564 aritio
1021 2505 1096 2564 Celsi
1116 2504 1266 2562 calcasset.-
1293 2506 1396 2561 restitit
1418 2502 1547 2560 Vitellius

218 2604 350 2680 deditque
366 2615 470 2681 postca
490 2606 667 2666 consulatum
682 2605 815 2682 Simplici
836 2609 980 2664 iunoniam
1002 2615 1028 2662 et
1047 2609 1205 2680 iaanptnm.
1242 2601 1381 2678 Denique
1400 2602 1437 2659 de
1452 2601 1547 2659 Rosio

219 2704 337 2781 Regulo
358 2707 389 2766 in
411 2707 510 2765 locum
533 2704 682 2766 Caecinae
704 2707 827 2766 consule
849 2707 937 2765 nnius
959 2705 1017 2764 diei
1039 2705 1116 2764 idem
1138 2705 1231 2763 refert
1251 2705 1280 2776 3,
1296 2705 1346 2762 37.
1364 2736 1399 2746 -
1431 2700 1548 2775 Quibus

218 2805 324 2864 diebus
350 2807 489 2866 consules
503 2806 657 2867 Vitelliani
682 2808 816 2879 inierint,
844 2815 981 2882 superest
1005 2815 1039 2864 ut
1066 2821 1262 2884 exponamus.
1306 2803 1428 2866 Sabinis
1455 2819 1548 2878 supra

219 2906 346 2966 vidimus
368 2927 388 2966 a
402 2905 501 2968 Galba
522 2909 688 2968 destinatos
709 2909 804 2968 luisse
826 2925 943 2967 menses
958 2907 1071 2964 Maium
1093 2907 1273 2977 silanion,
1294 2905 1348 2965 sed
1369 2905 1472 2964 iniisse
1494 2919 1546 2962 eos

219 3018 288 3066 ante
309 3017 426 3085 tempus
449 3027 551 3068 mense
565 3010 665 3088 Aprili
687 3011 784 3070 medio
805 3019 991 3078 extremove3
1012 3027 1083 3066 num
1106 3017 1175 3066 aute
1196 3007 1274 3066 diem
1297 3005 1431 3067 aGalba
1451 3005 1547 3063 deter-

220 3107 363 3168 minatum
385 3109 498 3169 honore
519 3111 647 3170 abierint
667 3129 769 3182 necne,
790 3129 851 3170 non
867 3109 1004 3168 traditur.
1042 3107 1274 3170 successoribus
1290 3105 1470 3168 Sabinorum
1485 3107 1547 3164 An·

220 3193 324 3270 tonino
345 3219 376 3269 et
397 3208 485 3272 Celso
506 3213 649 3272 honorem
672 3213 839 3272 servavisse
856 3211 1012 3270 Vitellium
1033 3217 1167 3281 constat,
1189 3227 1307 3270 meuses
1329 3209 1435 3269 iisdem
1457 3207 1546 3267 desti·

218 3321 307 3370 natos
333 3330 393 3370 uon
414 3313 594 3374 servavisse.
635 3313 718 3373 Nam
741 3312 901 3374 Caecinam
923 3321 952 3371 et
973 3311 1132 3371 Valentem
1153 3311 1196 3370 ita
1216 3311 1247 3369 in
1269 3311 1403 3370 ordinem
1424 3310 1548 3385 recepit,

218 3420 250 3471 ut
275 3432 378 3472 eorum
404 3433 498 3472 causa
523 3415 650 3474 aliorum
679 3415 853 3474 consulatus
876 3421 1035 3484 coartaret,
1063 3413 1140 3473 alios
1162 3414 1275 3472 honore
1297 3413 1438 3488 privaret.
1481 3411 1547 3468 Iam

217 3533 284 3574 cum
311 3523 428 3574 constet
453 3517 643 3576 consulatum
671 3517 708 3576 iis
736 3517 836 3574 datum
864 3533 931 3575 esse
957 3515 987 3573 in
1015 3516 1044 3573 k.
1073 3514 1260 3574 Novembres
1287 3513 1371 3590 (uam
1399 3509 1547 3570 Caecinae

217 3633 284 3674 cnm
312 3617 408 3676 honor
437 3617 653 3694 abrogabatur,
686 3635 763 3676 unus
791 3617 856 3676 dies
885 3617 949 3676 eius
978 3615 1125 3691 superfuit
1152 3616 1229 3694 prid.
1258 3615 1288 3674 lr.
1317 3613 1394 3672 Nov.
1425 3619 1547 3671 auctore

219 3714 325 3773 Tacita
348 3717 377 3786 3,
394 3717 464 3792 37),
495 3726 619 3794 apparet
640 3727 673 3777 nt
692 3719 776 3778 locus
798 3719 835 3777 iis
856 3719 942 3778 lieret
962 3716 1106 3792 expulsos
1127 3734 1196 3775 esse
1218 3716 1327 3792 quibus
1351 3714 1452 3775 Galba
1473 3712 1546 3788 Sep-

219 3817 362 3874 tembrem
383 3823 414 3874 et
435 3816 595 3877 Octobrem
617 3819 794 3892 destinarat,
819 3828 892 3897 puta
913 3818 1061 3877 Marinum
1084 3824 1114 3874 et
1134 3815 1282 3885 Macrum;
1309 3817 1329 3874 ii
1352 3826 1451 3874 autem
1474 3833 1546 3890 quo-

218 3935 282 3976 rum
311 3918 407 3975 bonor
434 3918 524 3977 simul
552 3920 757 3993 coartabatur,
788 3939 857 3980 esse
889 3938 948 3976 non
981 3925 1141 3995 potuerunt
1169 3916 1226 3975 nisi
1254 3914 1304 3990 qui
1330 3913 1547 3992 praecedebant

218 4019 388 4078 Antoninus
411 4027 440 4077 et
454 4017 570 4080 Celsus.
607 4018 714 4098 Neque
735 4022 923 4080 coartabatur
944 4019 1008 4078 sine
1030 4019 1132 4095 aliqua
1153 4017 1218 4076 siva
1239 4032 1331 4074 cansa
1352 4014 1416 4073 sive
1431 4011 1545 4088 specie;

217 4139 285 4178 narn
308 4138 375 4178 cum
390 4116 492 4182 Sabini
515 4131 583 4181 ante
606 4130 722 4200 tempus
745 4123 950 4202 magistratum
973 4120 1166 4197 accepissent,
1188 4134 1248 4176 non
1269 4115 1371 4192 inique
1385 4119 1546 4192 potuerunt

216 4221 310 4281 iuberi
334 4229 402 4281 ante
423 4229 540 4302 tempus
554 4243 622 4284 eum
637 4225 769 4283 eiurare:
791 4224 929 4299 idemque
945 4219 1083 4281 similiter
1096 4219 1177 4278 cadit
1190 4219 1222 4276 in
1237 4229 1426 4276 successores
1440 4213 1544 4291 proxi-

216 4341 290 4384 mos.
340 4321 440 4396 Quare
467 4325 517 4383 nbi
543 4327 681 4403 ponimus
709 4323 839 4386 Sabinos
865 4324 963 4383 fasces
989 4323 1119 4400 gessisse
1146 4337 1165 4378 a
1190 4334 1293 4378 mense
1319 4315 1418 4394 Aprili
1444 4313 1543 4373 medio

216 4433 288 4500 puta
313 4424 351 4483 ad
373 4425 519 4484 kalendas
541 4427 647 4486 idusve
669 4427 783 4498 lunias,
804 4423 990 4486 Antoninum
1012 4430 1043 4482 et
1064 4420 1186 4482 Celsum
1208 4440 1227 4478 a
1247 4417 1386 4478 kalendis
1407 4415 1543 4476 idibnsve

216 4529 310 4588 laniis
338 4530 375 4588 ad
404 4529 551 4588 kalendas
578 4528 683 4586 idusve
705 4529 873 4606 Augustas,
900 4526 1109 4602 aperiebantur
1130 4521 1250 4582 Valenti
1271 4526 1302 4577 et
1323 4517 1470 4578 Caecinae
1491 4525 1543 4576 aut

216 4629 275 4688 duo
296 4649 415 4690 menses
436 4649 505 4690 cum
525 4629 650 4688 dimidio
672 4639 725 4687 aut
746 4645 865 4688 menses
886 4627 994 4705 integri
1016 4637 1087 4697 tres,
1109 4633 1139 4683 et
1160 4623 1204 4683 sis
1225 4627 1305 4681 recte
1326 4620 1428 4679 omnia
1446 4619 1542 4696 expli·

215 4737 329 4788 cantur.
366 4730 443 4791 Nam
467 4750 520 4807 per
542 4748 659 4790 menses
674 4729 874 4788 Novembrem
897 4737 928 4787 et
941 4727 1138 4786 Decembrem
1160 4729 1278 4784 constat
1299 4721 1396 4780 fascea
1411 4719 1541 4796 gessisse

215 4831 348 4888 Atticum
375 4851 393 4890 a
414 4831 513 4892 Galba
533 4832 641 4909 opinor
662 4831 841 4890 destinatum
863 4839 894 4888 et
915 4827 1086 4906 Simplicem
1108 4825 1139 4884 in
1160 4826 1257 4884 locum
1280 4823 1409 4881 fortasse
1431 4818 1541 4879 Castae

214 4931 372 4992 aVitellio
394 4929 606 4992 substitutnm’.

297 5031 453 5093 Hactenus
478 5035 691 5095 Mommsenus.
739 5031 921 5092 Consulatus
948 5027 1136 5109 igitur,enni
1156 5028 1211 5101 69,
1238 5027 1264 5088 si
1292 5025 1420 5084 vixisset
1445 5021 1539 5094 Nero,

214 5145 373 5198 semestres
395 5134 535 5194 videntur
559 5135 651 5198 lutari
676 5133 778 5195 inisse.
824 5130 924 5194 Galba
944 5135 1052 5211 partim
1073 5128 1308 5208 quadrimestres
1329 5125 1409 5197 iecit,
1430 5125 1539 5202 partim

213 5236 382 5312 bimestres,
404 5255 459 5298 neo
481 5239 608 5298 mutavit
627 5238 787 5316 quiequam
810 5235 901 5308 Otho,
924 5235 982 5296 nisi
1004 5235 1086 5312 qnod
1105 5235 1136 5294 in
1158 5234 1233 5294 duas
1253 5237 1355 5308 partes
1376 5227 1538 5289 nundinum
