3826 5962
395 598 469 670 184
921 617 1193 673 snnmsumva
1668 623 1718 675 aaa

391 793 459 852 eius
480 791 617 851 vocabuli
638 793 779 868 quinque,
799 791 830 850 in
851 791 965 868 quibus
981 793 1122 853 omnibus
1143 811 1314 871 quanquam
1335 793 1464 853 insacia
1485 794 1606 854 chartae
1627 809 1718 853 asuv-

393 909 513 952 rvrsrvsts
533 892 609 952 illud
630 892 689 970 legi
710 910 802 970 posse
823 893 910 953 facilc
931 894 1078 969 concedo,
1105 895 1255 956 tamenin
1278 912 1387 954 aversa
1410 895 1492 954 clare
1516 895 1591 954 mibi
1615 896 1720 955 videor

392 996 575 1075 distinguere
596 995 674 1054 idem
697 996 779 1072 qnod
800 996 872 1055 olim
894 997 925 1054 in
946 995 1047 1075 lapide
1068 996 1128 1074 legi

957 1183 1151 1228 AEllelENSlS

393 1341 515 1404 Scilicet
534 1341 686 1420 distinguo
709 1358 717 1399 ι
738 1337 855 1400 litterae
877 1347 945 1400 ante
961 1358 982 1399 rr
1001 1343 1118 1419 positae
1131 1342 1249 1402 hastam
1264 1353 1385 1416 rectam,
1407 1363 1485 1422 quae
1499 1342 1581 1402 nollo
1596 1343 1685 1402 modo
1700 1360 1721 1402 v

392 1445 509 1504 litterae
530 1444 618 1502 hasta
638 1443 735 1502 altera
755 1442 850 1502 luisse
871 1452 980 1519 potest,
1001 1439 1060 1502 nisi
1080 1461 1256 1520 perversac3
1278 1443 1430 1523 distinguo
1450 1455 1477 1503 tr
1493 1445 1621 1520 litterae,
1642 1463 1721 1522 quae

391 1545 554 1618 antecedit,
581 1553 697 1621 partem
719 1545 859 1619 alteram,
881 1563 948 1605 cum
970 1543 1099 1622 priorem
1122 1564 1218 1624 paene
1238 1546 1441 1606 oblitteratam
1463 1561 1531 1607 esse
1553 1555 1599 1607 tot
1619 1565 1721 1607 saecu·

392 1645 490 1705 lorum
517 1646 661 1706 imbribus
687 1662 819 1723 caanue
845 1654 958 1706 tantum
985 1645 1102 1704 hastam
1129 1647 1172 1705 ibi
1197 1653 1309 1706 rectam
1336 1665 1481 1724 apparere
1508 1659 1538 1708 et
1564 1649 1596 1708 in
1622 1647 1722 1725 lapide

392 1747 517 1808 viderim
539 1753 570 1806 et
591 1745 622 1804 in
644 1751 763 1823 ectypo,
786 1747 898 1823 inquo
920 1746 996 1805 adeo
1017 1747 1119 1824 anguli
1141 1747 1316 1826 superioris,
1338 1768 1427 1826 quern
1442 1749 1548 1809 hastae
1563 1766 1590 1808 st
1603 1749 1721 1810 litterae

392 1849 508 1928 priores
535 1847 595 1908 duo
620 1847 765 1921 formant,
793 1847 922 1926 vestigia
949 1845 1154 1926 deprehend03
1182 1865 1292 1908 ivero
1313 1849 1431 1909 litterae
1450 1868 1539 1927 quam
1560 1851 1723 1911 voluerunt

391 1949 524 2027 itemque
537 1967 559 2010 v
580 1949 661 2008 illius
683 1967 842 2027 perversae
863 1949 959 2008 lineas
982 1929 1138 2009 inferiores
1152 1949 1292 2010 fortuitas
1308 1969 1374 2011 esse
1388 1951 1545 2011 contendo.
1583 1949 1721 2029 Spatium

392 2059 492 2116 sutem
513 2068 540 2110 at
561 2052 679 2110 litterae
699 2051 881 2110 conveniens
904 2067 920 2108 u
942 2057 972 2109 et
992 2069 1014 2110 v
1034 2048 1152 2110 duabus
1173 2051 1352 2131 recipiendis
1372 2051 1462 2113 nimis
1483 2053 1579 2113 latum
1599 2063 1646 2114 est
1666 2072 1722 2133 pro

391 2156 481 2217 huius
508 2169 614 2214 versus
647 2151 798 2229 scriptura
824 2151 886 2211 alta
913 2159 943 2210 et
971 2154 1061 2212 tenui.
1110 2151 1281 2214 Secundum
1308 2153 1437 2231 deniqne
1464 2156 1557 2216 totius
1584 2155 1722 2214 vocabuli

391 2258 572 2318 elementum
598 2261 660 2314 tam
681 2269 698 2311 a
719 2271 809 2330 quam
831 2269 848 2312 s
869 2270 937 2314 esse
958 2271 1050 2331 posse
1071 2253 1188 2331 reliqua
1208 2255 1343 2315 eiusdem
1363 2256 1481 2316 litterae
1501 2257 1533 2315 in
1554 2257 1611 2317 hoe
1632 2257 1720 2315 titulo

391 2356 533 2436 exempla
558 2353 774 2414 demonstrant.
815 2354 921 2430 Inque
947 2372 1036 2430 quam
1064 2373 1103 2414 ex
1131 2355 1241 2431 lapidis
1268 2357 1386 2416 comosa
1406 2364 1437 2416 et
1456 2359 1584 2436 repetita
1603 2358 1721 2436 inspec-

392 2460 473 2518 tione
495 2459 568 2518 olim
590 2455 654 2516 erni
675 2455 834 2515 lectionem
855 2461 995 2533 ectypum
1016 2455 1089 2514 mihi
1111 2455 1229 2515 videtur
1249 2457 1338 2534 plane
1358 2460 1563 2536 comprobare.

434 2557 495 2622 Sed
514 2578 552 2618 ne
575 2557 660 2619 aolus
681 2555 855 2629 iudicarem,
876 2556 1095 2616 Mommsenum
1110 2564 1140 2616 et
1154 2553 1359 2620 Bormannum
1380 2559 1493 2620 amicos
1514 2561 1629 2639 peritos
1650 2579 1721 2621 con-

391 2661 481 2724 sului.
523 2659 567 2720 Hi
592 2660 691 2736 primo
718 2664 843 2736 aspectu
869 2664 949 2718 recte
972 2657 1084 2734 legisse
1107 2654 1291 2718 Saevedram
1317 2661 1473 2720 unanimes
1499 2661 1720 2735 iudicaverunt;

391 2785 425 2825 re
452 2780 525 2824 vero
552 2761 720 2822 accuratius
748 2759 913 2837 ponderato
938 2767 1167 2832 concesserunt,
1196 2759 1401 2822 Mommsenus
1428 2779 1450 2821 v
1470 2745 1587 2822 littei-ae
1613 2764 1720 2823 saltem

391 2867 519 2926 formam
545 2873 608 2924 tum
634 2862 818 2942 singularem
844 2861 972 2920 evadere
996 2869 1027 2919 et
1051 2877 1067 2919 s
1088 2860 1206 2927 litterae
1226 2863 1337 2922 lineam
1358 2863 1529 2924 inferiorem
1552 2865 1640 2924 nimis
1661 2865 1720 2923 alte

391 2970 520 3047 positam
546 2983 630 3037 esse,
656 2963 847 3024 Burmannus
872 2972 1044 3040 praeterea,
1072 2979 1080 3022 ι
1107 2973 1176 3022 ante
1202 2981 1224 3022 Ν
1251 2971 1362 3026 certam
1389 2981 1458 3052 esse
1485 2967 1673 3044 spatiumque
1693 2983 1720 3024 ln

391 3072 509 3131 litterae
528 3067 625 3145 magis
646 3065 806 3126 convenire
827 3082 916 3141 quam
939 3081 955 3123 ι
975 3071 1056 3136 etv,
1078 3083 1232 3126 remanere
1252 3075 1351 3126 autem
1372 3067 1547 3144 scrupulum
1569 3067 1600 3126 in
1621 3067 1722 3144 priore

391 3181 477 3249 parta
498 3187 524 3229 n
544 3170 672 3228 litteras.

432 3271 592 3330 Postremo
613 3270 669 3328 hoc
690 3266 783 3344 addo,
807 3265 961 3326 Afluniam
982 3265 1172 3326 Ailuniumvs
1192 3266 1328 3326 inaudita
1349 3284 1418 3327 essa
1439 3268 1570 3342 nomina,
1593 3279 1625 3328 nt
1646 3269 1721 3341 dixi,

390 3371 564 3432 Aeminium
590 3387 661 3429 vero
693 3379 796 3429 notum
824 3385 891 3428 csse
916 3365 1094 3428 Lusitaniae
1121 3367 1315 3444 municipium
1343 3369 1424 3428 haud
1451 3370 1556 3448 procul
1585 3371 1673 3430 sitnm
1703 3389 1722 3429 a

390 3493 464 3554 rupe
479 3472 627 3534 Gallaeca
647 3472 695 3530 oui
716 3469 821 3530 titulus
844 3468 961 3544 dequo
983 3467 1101 3544 aginam
1122 3467 1285 3546 inscriptus
1300 3479 1347 3528 est
1368 3469 1420 3546 (ci.
1442 3471 1475 3530 11
1495 3489 1526 3548 p.
1541 3472 1582 3530 40
1604 3491 1634 3532 n.
1649 3471 1721 3532 500.

391 3575 477 3652 954).
513 3572 601 3634 Unde
621 3571 739 3631 confido
754 3570 890 3630 homines
904 3569 937 3628 in
950 3569 1046 3628 titulis
1060 3567 1196 3647 legendis
1210 3571 1403 3647 exercitatos,
1424 3572 1478 3650 qui
1492 3582 1600 3651 postea
1613 3591 1722 3633 saxum

389 3675 560 3753 inspicient,
581 3692 678 3734 meam
698 3672 857 3733 lectionem
878 3689 948 3732 esse
969 3670 1206 3732 confirmaturos.

391 3883 461 3946 29³
483 3884 521 3944 In
536 3883 614 3943 vallo
629 3880 756 3962 Singilis
769 3882 855 3942 fluvii
869 3899 929 3941 non
944 3880 1047 3958 procul
1062 3880 1100 3939 ab
1114 3879 1234 3940 Iliberri
1256 3879 1309 3955 (ci.
1323 3881 1355 3941 11
1373 3901 1403 3959 p.
1415 3879 1490 3960 283)
1512 3899 1607 3959 prope
1621 3882 1722 3958 parie-

431 3989 511 4048 tinas
531 3985 637 4060 villae,
664 3991 698 4044 ut
719 3983 846 4056 videtur,
873 3983 1004 4044 rusticae
1031 3982 1165 4042 detectae
1186 3982 1217 4042 in
1237 3981 1362 4060 praedio
1383 3981 1462 4042 dicto
1484 3983 1519 4042 da
1539 3983 1722 4060 Dnrapolcjc

432 4089 563 4165 (tamine
584 4089 619 4146 dc
633 4085 723 4146 Pinea
738 4084 856 4156 Puncta,
872 4086 1065 4160 jurisdiction
1085 4084 1120 4142 de
1137 4083 1330 4160 Trcamdlar),
1351 4084 1431 4144 circa
1444 4081 1565 4143 Laetor
1577 4084 1675 4144 vicum
1690 4085 1722 4144 in

432 4191 556 4250 sinistra
577 4189 660 4248 fluvii
681 4189 757 4265 ripa,
779 4187 811 4245 in
832 4186 859 4244 el
872 4185 983 4244 Melino
1005 4185 1052 4244 del
1065 4185 1127 4262 Ray
1149 4183 1244 4262 (qnod
1264 4185 1394 4262 pertinet
1414 4184 1452 4244 ad
1475 4183 1560 4245 ducis
1574 4185 1721 4262 Welling·

431 4293 505 4351 tonii
526 4291 680 4367 praedium
696 4287 768 4349 Soto
789 4289 824 4348 dc
838 4286 954 4363 Roma),
975 4287 1008 4346 in
1029 4286 1141 4346 oliveto
1163 4305 1181 4346 a
1202 4285 1326 4345 sinistra
1346 4286 1423 4359 vise,
1446 4305 1524 4364 quae
1546 4284 1630 4345 ducit
1648 4286 1721 4345 Illo-

430 4413 504 4465 ram‚
526 4398 631 4450 extant
645 4390 810 4466 parietinae
825 4389 965 4466 antiquae
980 4387 1080 4466 operis
1095 4387 1280 4448 caementicii
1297 4387 1345 4464 (de
1359 4389 1540 4465 arpamoaa),
1560 4406 1636 4464 quae
1652 4404 1720 4463 spa·

431 4493 504 4550 tium
526 4490 704 4566 quadratum
726 4491 848 4567 cingunt
870 4511 889 4550 a
910 4490 999 4566 vulgo
1022 4489 1133 4547 dictum
1156 4489 1183 4548 el
1200 4487 1341 4561 Cesarea,
1364 4499 1394 4548 et
1414 4491 1518 4548 metris
1540 4488 1658 4548 circiter
1679 4488 1721 4546 50

430 4590 500 4651 inde
521 4607 626 4650 versus
652 4591 870 4668 septentriones
898 4589 1069 4668 sepulcrum
1096 4591 1168 4650 item
1194 4591 1303 4650 factum
1331 4608 1370 4650 ex
1395 4609 1486 4668 opere
1512 4589 1719 4660 caementicio,

431 4693 480 4752 oui
501 4692 635 4768 impositi
657 4693 864 4770 suntlapides
886 4693 946 4753 duo
967 4691 1127 4767 grandes,
1151 4690 1264 4749 Eorum
1291 4691 1379 4778 alteri
1399 4691 1562 4768 inscriptus
1584 4689 1630 4752 est
1650 4691 1718 4749 titu-

431 4793 478 4853 lus
501 4793 550 4852 hio
571 4793 679 4854 littaris
700 4813 761 4854 non
782 4795 884 4854 bonis:

817 4969 837 5008 a
901 4967 1074 5010 nuara-
1104 4965 1206 5009 c·r·

903 5065 1124 5112 rvsrrcn·
1152 5065 1206 5110 aa

902 5133 1073 5211 oran·
1103 5167 1206 5211 xxm

903 5268 1206 5313 mesnnasnans
