3826 5962
1062 874 1090 931 4.

497 995 662 1055 vasculum
690 993 781 1052 fictile
808 995 880 1052 artis
906 992 1065 1051 Arretinae
1097 998 1247 1068 repertum
1276 1006 1355 1046 anno
1384 967 1460 1046 18‘71
1490 989 1521 1045 in
1548 986 1741 1046 eruderaodis

413 1097 612 1156 monumentis
640 1093 859 1171 sepulcralibns
886 1093 918 1151 in
945 1093 1034 1152 vinea
1061 1109 1139 1168 quae
1167 1087 1336 1183 appellatur
1362 1087 1513 1146 Minervae
1542 1086 1674 1146 medicae
1703 1088 1741 1144 sd

412 1205 530 1272 portam
552 1195 780 1255 Praenestinam
801 1193 904 1270 (portu
924 1192 1094 1270 nequiore).

497 1332 531 1390 ln
552 1331 644 1389 medio
657 1330 753 1405 suado
769 1329 866 1405 ficara
882 1328 968 1404 podis
990 1327 1106 1386 inmani
1126 1327 1279 1386 inclusum.-

1006 1459 1096 1504 cuent
1112 1475 1118 1489 ·
1135 1459 1152 1503 s

496 1581 533 1640 In
554 1594 641 1658 ports
658 1583 749 1658 jimds'
774 1591 890 1641 ertum
917 1581 1019 1640 litteris
1042 1579 1167 1658 yropiio
1193 1583 1319 1638 aceram
1346 1583 1415 1637 satir
1437 1579 1517 1637 docio
1539 1577 1742 1637 caecutirem

496 1701 581 1742 aeros
601 1693 716 1742 nomae
733 1685 841 1758 prosi.-

993 1775 1138 1820 rucurct

1003 1885 1006 1892 ·
1029 1876 1157 1922 svrons

993 1965 1012 2021 1
1030 1977 1106 2022 saun
1120 1977 1158 2020 vs
1201 1979 1233 2020 m

1040 2079 1115 2122 rans

378 2199 381 2209 '
413 2201 584 2277 Descripsit
609 2200 742 2276 mihique
766 2201 848 2259 dedit
873 2199 910 2258 P.
938 2199 1072 2258 Aloisius
1099 2198 1218 2258 Bruma
1238 2199 1414 2258 Barnsbita:
1438 2201 1556 2258 'contuli
1582 2201 1740 2276 imaginem

413 2301 653 2378 photographam
674 2299 895 2378 suppeditatam
917 2318 936 2357 a
956 2299 1092 2358 Parkero
1114 2299 1225 2376 Anglo.

456 2399 504 2460 De
524 2401 647 2478 regione
668 2399 766 2474 urbis,
792 2401 841 2458 cui
862 2418 972 2478 noman
994 2399 1066 2475 Spes
1087 2409 1181 2471 retur,
1209 2397 1247 2456 ci.
1270 2396 1388 2457 Csuins
1408 2400 1440 2456 in
1461 2403 1541 2458 Ann.
1564 2403 1635 2460 inst.
1658 2401 1740 2460 arch.

418 2499 496 2561 1838
521 2518 552 2577 p.
569 2497 740 2576 2020sqq.;
766 2500 885 2560 Becker
905 2509 1023 2577 topogr.
1045 2518 1073 2576 p.
1090 2501 1165 2570 oso;
1193 2497 1309 2557 Prelier
1328 2499 1472 2574 Rryiooen
1493 2518 1523 2575 p.
1542 2501 1609 2558 131.
1631 2533 1665 2545 -
1693 2500 1741 2560 De

387 2651 391 2654 .
413 2599 502 2660 modo
523 2618 584 2676 quo
597 2599 728 2660 Romani
748 2599 1070 2672 locum-indicaverint,
1091 2601 1141 2660 ubi
1156 2600 1336 2680 habitarent,
1358 2609 1427 2675 post
1441 2599 1515 2658 alios
1530 2601 1608 2659 dixit
1622 2600 1740 2660 dordan

413 2700 552 2764 Arcturi.
574 2699 696 2778 Zeitran
719 2699 796 2761 1871
820 2720 850 2778 p.
867 2700 906 2762 6⁵
917 2719 1000 2780 seqq.

975 2889 1177 2904 ffl—

1062 3089 1090 3145 5.

497 3203 645 3261 Aedicuia
669 3221 837 3264 marmorea
865 3203 978 3263 effossa
1004 3221 1032 3262 a.
1050 3203 1130 3262 1872
1157 3205 1188 3261 in
1214 3220 1287 3280 agro
1307 3201 1428 3262 Vareno
1454 3204 1493 3261 ad
1521 3204 1676 3262 basilicam
1699 3203 1737 3262 D.

388 3347 392 3358 ,
414 3301 569 3360 Laurentii
588 3310 675 3364 extra
695 3305 815 3364 moenia
835 3306 866 3363 in
888 3305 1066 3364 coemeterio
1087 3304 1297 3362 construendo.
1333 3302 1417 3361 Intra
1439 3321 1504 3362 eom
1520 3305 1626 3363 visitur
1640 3313 1739 3364 status

413 3423 507 3482 parus
531 3403 642 3465 sedans
669 3403 760 3480 longe
787 3415 872 3464 vesta
898 3403 1016 3478 induta,
1047 3403 1145 3480 capita
1172 3401 1270 3460 velato
1299 3411 1329 3460 et
1356 3403 1447 3479 spicis
1475 3415 1633 3478 coronato,
1662 3423 1739 3480 quae

414 3506 538 3564 ainistn
557 3505 653 3565 iucem
674 3512 756 3564 tenet
769 3502 889 3565 Cereris
911 3504 1017 3576 instar,
1038 3504 1146 3562 dextra
1167 3513 1300 3580 pateram
1322 3521 1403 3562 nunc
1424 3503 1608 3580 deperditam
1623 3505 1740 3563 videtur

414 3605 557 3664 munisse.
600 3603 747 3666 Nunnio
773 3623 908 3665 museum
930 3602 1134 3680 Capitolinum
1159 3603 1254 3663 inlata
1279 3605 1310 3662 in
1335 3603 1477 3680 repositis
1500 3613 1645 3674 servatur,
1671 3625 1738 3664 cum

414 3701 558 3778 sediculo,v
580 3722 641 3781 quo
662 3704 770 3764 malins
791 3715 1055 3784 transportaretur,
1076 3704 1213 3764 diffracta
1234 3704 1274 3763 sit
1292 3702 1418 3762 necdum
1432 3707 1653 3765 reconcinnsts.
1686 3705 1738 3765 Ti·

413 3803 493 3864 tulus
514 3803 546 3862 in
568 3823 605 3864 aa
624 3814 766 3864 exaratus
786 3817 835 3865 est
855 3808 903 3865 hic
923 3805 1031 3865 litteris
1052 3805 1128 3864 satis
1149 3806 1252 3865 bonis:

933 3957 1049 4000 tunm
1069 3956 1166 3999 taam
1181 3955 1219 3998 ⁸8

780 4060 819 4098 Α·
837 4056 1048 4101 uoatmstvs·
1065 4054 1170 4099 CERDO
1191 4055 1268 4099 DEAE
1284 4069 1291 4084 ·
1307 4057 1371 4099 ctas

796 4157 831 4200 st
848 4172 854 4186 ·
869 4154 1116 4202 consummet
1132 4169 1139 4186 ⁶
1154 4155 1235 4200 ms
1251 4171 1257 4184 ·
1273 4157 1294 4198 t>
1311 4171 1317 4186 ·
1333 4157 1354 4198 t>

413 4279 507 4340 Dedit
527 4279 629 4339 Tocco
650 4280 841 4340 mohimctns:
864 4280 930 4355 ipse
951 4277 1073 4336 contuli.

401 4441 404 4446 ,
454 4375 589 4440 Numina
608 4395 677 4437 raro
699 4379 838 4438 dicuntur
855 4383 923 4454 pio:
945 4377 983 4437 ci.
1005 4386 1106 4437 tamen
1126 4378 1201 4436 dono
1215 4379 1269 4437 deu
1284 4381 1339 4454 pio
1361 4376 1414 4437 Or.
1429 4377 1518 4436 totu.
1556 4377 1607 4436 Dii
1628 4379 1737 4438 desere

401 4485 623 4544 ‚monam
644 4477 692 4537 vsi
713 4483 933 4539 commemor
954 4497 1015 4538 non
1034 4478 1097 4538 rari
1117 4489 1199 4551 sunt
1220 4479 1349 4540 formula
1363 4489 1460 4538 sutem
1476 4479 1533 4538 hoc
1549 4479 1637 4537 titulo
1652 4497 1736 4537 usur·

412 4581 493 4654 pota,
513 4592 591 4652 quaa
612 4585 660 4636 est
679 4582 871 4638 conmorit
889 4598 962 4652 mco,
982 4579 1056 4638 mihi
1078 4595 1157 4637 nova
1176 4578 1293 4638 accidit.

972 4779 1175 4796 ..--—.

1059 4975 1087 5034 6.

496 5086 596 5165 Supra
616 5107 646 5164 p.
664 5089 721 5151 109
744 5107 812 5152 cum
827 5089 1074 5171 Dittcubcrgsrus
1093 5092 1219 5152 ediderit
1239 5091 1409 5152 restitutum
1431 5111 1450 5151 a
1471 5109 1504 5150 se
1525 5093 1644 5151 titulum
1659 5093 1736 5150 Atti·

413 5202 479 5245 cam
500 5186 536 5246 Ρ.
553 5187 685 5250 Memmii
698 5187 808 5268 Reguli
828 5208 891 5252 cos.
913 5211 940 5253 a
956 5189 1037 5270 ij.
1053 5193 1103 5262 81,
1125 5192 1258 5253 ciusdem
1281 5192 1336 5250 viri
1359 5191 1450 5252 alium
1473 5190 1589 5250 titulum
1609 5191 1740 5253 Athenis
