3750 5990
399 599 472 670 272
969 613 1149 667 mommsen

398 787 611 866 dingtoniua1)
642 785 816 846 Polemonis
848 787 943 862 patris
976 786 1107 845 Zenonis
1139 793 1264 844 mortem
1296 793 1375 842 recte
1406 783 1445 841 sd
1473 801 1585 840 aunum
1615 780 1733 838 rettudit

399 909 428 948 ιι.
445 909 470 948 c.
487 889 557 960 746,
579 889 686 948 aetatis
708 889 914 947 determinatio
935 887 988 946 illa
1002 887 1091 946 etiam
1106 886 1201 963 magis
1223 885 1423 944 confirmatur.
1457 882 1576 941 Pendet
1591 881 1734 958 quaestio

398 1008 435 1050 ea
455 991 493 1049 ab
514 990 756 1068 interpretatione
770 988 1034 1066 monogrammatis
1048 988 1130 1064 quod
1150 985 1282 1046 cernitur
1298 987 1329 1044 iu
1343 986 1441 1044 aureis
1456 985 1541 1062 regni
1556 983 1734 1060 Bosporani

400 1092 481 1150 cusis
508 1092 546 1151 ab
574 1111 601 1150 a.
625 1091 684 1150 746
712 1090 750 1150 ad
775 1109 802 1148 a.
827 1090 883 1148 761
913 1090 1072 1167 compositi
1098 1108 1137 1147 ex
1162 1088 1316 1148 elementis
1337 1105 1363 1146 ιι
1387 1093 1418 1146 et
1438 1105 1459 1144 a
1484 1095 1514 1144 et
1539 1086 1681 1144 fortasse
1702 1100 1731 1154 η

398 1210 459 1268 quo
481 1201 735 1271 monogrammate
757 1209 813 1268 ego
834 1193 1019 1251 adsentiente
1038 1191 1100 1250 sere
1123 1187 1271 1266 Sallet02)
1294 1189 1408 1248 conieci
1422 1187 1587 1265 significari
1603 1177 1733 1252 Δόναμιι

398 1303 429 1352 et
450 1285 653 1377 Μιθραδάτης
675 1293 731 1352 sub
753 1293 811 1352 hoc
833 1301 932 1350 autem
954 1293 1072 1352 nomina
1093 1291 1187 1350 latere
1201 1291 1410 1350 Polemonem:
1438 1299 1544 1348 contra
1561 1287 1732 1362 Wadding-

399 1396 500 1454 tonius
522 1415 588 1454 eam
609 1395 839 1472 explicationem
861 1393 977 1452 admitti
992 1411 1084 1470 posse
1104 1409 1218 1471 negans
1239 1392 1393 1450 contendit
1411 1395 1677 1467 monogrammate
1698 1405 1733 1446 eo

397 1496 518 1558 excludi
538 1496 744 1556 Polemonem.
787 1496 852 1553 Iam
881 1514 913 1552 re
940 1495 1037 1552 denuo
1062 1511 1211 1570 perpensa
1234 1493 1308 1551 mihi
1332 1509 1452 1568 quoque
1477 1490 1599 1550 ridetur
1627 1507 1731 1548 rerum

399 1597 513 1656 vidisse
537 1597 642 1656 doctus
665 1595 892 1674 Francogallus‚
922 1595 1053 1654 mamma
1077 1597 1237 1674 propterea
1261 1593 1343 1672 quod
1364 1593 1514 1670 Dynamio
1535 1591 1623 1668 prior
1644 1590 1732 1649 Pole-

399 1699 496 1758 monis
518 1717 596 1759 uxor
617 1705 685 1757 aute
708 1705 825 1756 mortua
845 1697 886 1756 sit
906 1715 1030 1757 necesse
1051 1705 1099 1756 est
1119 1716 1209 1773 qnam
1231 1696 1259 1756 ei
1279 1695 1383 1772 nupsit
1405 1693 1609 1771 Pythodoris‚
1637 1709 1730 1768 neque

400 1801 475 1860 satis
496 1807 630 1878 apparet,
652 1800 703 1876 qui
719 1799 875 1858 defunctae
896 1799 1004 1856 nomeu
1026 1799 1056 1857 in
1077 1798 1207 1856 nummis
1230 1799 1338 1856 durare
1358 1795 1499 1872 potuerit.
1531 1795 1559 1852 E
1576 1793 1729 1852 euchario

398 1920 465 1962 oum
487 1903 562 1962 satis
584 1909 700 1960 constet
715 1899 867 1977 Dynamio
887 1899 1069 1958 Mithridatis
1089 1899 1252 1976 Eupatoria
1266 1907 1386 1974 neptem
1407 1916 1427 1955 a
1439 1897 1608 1955 Polemone
1622 1895 1655 1953 in
1670 1913 1728 1960 ma·

398 2003 572 2062 trimonium
593 2004 710 2061 ductam
732 2019 801 2060 esse
822 2019 849 2060 a.
872 2000 933 2059 740
954 2001 1053 2058 dotem
1075 2003 1103 2059 ei
1125 2001 1298 2059 afferentem
1320 1999 1418 2074 ipsum
1439 2015 1564 2074 regnum
1585 1995 1729 2071 Bospori,

399 2102 573 2161 Polemonis
591 2121 658 2160 oum
672 2102 877 2180 Pythodoride
897 2101 1117 2160 matrimonium
1132 2101 1387 2160 circumscribitur
1401 2100 1489 2158 aunis
1509 2117 1534 2157 c.
1551 2095 1729 2168 742-716,

400 2203 507 2262 ut‘illo
528 2201 590 2261 t'ere
611 2203 689 2262 ahno
712 2222 777 2260 eam
798 2203 921 2262 duxisse
940 2201 1084 2274 videatur,
1106 2201 1165 2260 hoc
1180 2202 1258 2260 diem
1280 2201 1401 2259 obiisse.
1418 2234 1457 2244 -
1478 2200 1618 2258 Antonia
1639 2200 1727 2278 igitur

399 2314 494 2364 mater
515 2301 728 2380 Pythodoridis
753 2321 819 2360 cum
841 2306 873 2361 in
894 2303 1084 2362 matrimonio
1105 2302 1193 2362 fuerit
1213 2321 1239 2361 c.
1262 2321 1289 2360 a.
1313 2301 1383 2373 720,
1409 2301 1526 2360 natales
1551 2302 1620 2360 eius
1643 2301 1681 2360 ad
1701 2321 1724 2358 a

399 2405 553 2464 minimum
569 2404 628 2464 705
651 2399 820 2473 reiciuutur,
843 2411 875 2460 ut
889 2405 1049 2480 posthunc
1063 2422 1173 2461 anuum
1188 2403 1260 2480 poni
1278 2403 1401 2461 omnino
1423 2403 1630 2479 nonpossint,
1653 2413 1727 2462 recte

399 2507 517 2584 possint
531 2506 674 2565 decennio
696 2505 876 2582 etamplius
897 2504 1064 2580 anticipari.
1098 2503 1224 2562 Femina
1244 2511 1343 2563 autem
1365 2504 1430 2562 eius
1446 2505 1575 2564 nominis
1596 2525 1637 2564 eo
1659 2513 1727 2563 tero·

400 2628 473 2687 pore
495 2615 574 2683 nata,
597 2627 673 2685 quae
694 2615 801 2684 postea
821 2607 852 2664 in
868 2604 991 2666 Oriente
1012 2606 1050 2664 ad
1071 2607 1184 2682 regiam
1199 2587 1420 2681 quodammodo
1436 2605 1643 2686 condicionem
1665 2625 1727 2684 per-
1835 2683 1836 2688 η

400 2709 524 2782 venerit,
547 2711 599 2768 vix
621 2709 712 2767 alium
735 2717 848 2785 patrem
871 2707 980 2766 habere
1001 2707 1100 2783 potuit
1118 2715 1207 2782 atque
1229 2707 1271 2765 M.
1293 2706 1457 2764 Antonium
1479 2705 1640 2766 llIvirum.

485 2811 550 2868 Iam
571 2811 664 2888 igitur
680 2809 840 2868 ridendum
862 2813 909 2867 est
930 2808 967 2864 de
988 2807 1108 2866 filiabus
1129 2809 1170 2866 Μ.
1187 2808 1310 2866 Antonii
1325 2807 1483 2879 triumuiri,
1505 2827 1576 2866 num
1598 2809 1642 2868 sit
1656 2810 1726 2868 inter

401 2931 464 2984 eas,
486 2931 564 2988 quae
580 2910 756 2988 Pythodoro
778 2909 888 2968 nubere
910 2909 1047 2983 potuerit.
1080 2908 1230 2967 Antonius
1252 2917 1340 2968 ustus
1362 2926 1386 2966 c.
1403 2928 1431 2966 a.
1446 2930 1475 2967 u.
1491 2928 1516 2968 o.
1533 2909 1590 2968 671
1617 2927 1724 2968 uxores

400 3014 487 3074 duxit
508 3019 650 3089 quattuor
677 3011 803 3071 Fadium
833 3010 995 3068 Antoniam
1018 3007 1156 3068 Fulviam
1185 3008 1358 3080 Octaviam,
1385 2991 1514 3086 denique
1535 3013 1644 3071 uxoris
1664 3011 1725 3070 loco

400 3115 505 3174 habuit
526 3111 718 3190 Cleopatram
750 3114 885 3188 reginam
914 3111 1056 3188 Aegypti.
1099 3109 1225 3170 Liberos
1258 3130 1298 3170 ex
1325 3111 1424 3170 Fadia
1444 3112 1578 3171 sublatos
1598 3113 1724 3172 infantes

401 3214 503 3272 amisit
524 3229 627 3270 omnes
654 3219 722 3268 unte
750 3231 777 3268 a.
799 3211 904 3287 710³).
947 3212 997 3270 Ex
1018 3211 1142 3288 reliquis
1169 3212 1314 3272 uxoribus
1336 3219 1456 3288 praeter
1476 3223 1618 3290 quattuor
1640 3215 1725 3282 filios,

401 3314 438 3373 de
459 3313 570 3391 quibus
591 3329 652 3369 non
673 3309 821 3387 estquod
842 3329 981 3389 agamus,
1007 3313 1085 3370 filias
1114 3311 1219 3370 habuit
1239 3314 1308 3370 item
1331 3321 1486 3388 quattuor,
1513 3316 1630 3374 scilicet
1654 3333 1723 3385 mm,

330 3449 335 3460 ·
401 3433 479 3492 quae
501 3413 653 3490 desponsa
679 3422 726 3470 est
746 3412 862 3490 Lepido
889 3413 1037 3471 triumviri
1059 3413 1120 3471 filio
1142 3433 1169 3471 a
1193 3413 1269 3485 710,
1299 3413 1407 3473 deiude
1427 3415 1508 3474 duas
1530 3435 1568 3474 ex
1591 3415 1724 3486 Octavia,

401 3534 480 3593 quae
501 3523 609 3591 postea
622 3522 787 3589 nupserunt
801 3514 1002 3572 Ahenobarbo
1025 3521 1054 3571 et
1068 3514 1184 3586 Druso,
1206 3515 1334 3592 denique
1355 3523 1491 3591 quartam
1513 3536 1552 3576 ex
1567 3515 1725 3594 Cleopatra

401 3623 509 3695 postea
533 3633 658 3673 uxorem
680 3613 774 3672 Iubae
794 3615 874 3690 regis
894 3614 1106 3674 Mauretaniae.
1149 3614 1199 3682 Ex
1219 3616 1267 3674 bis
1290 3625 1350 3674 tres
1371 3623 1541 3693 postremas
1561 3627 1724 3696 temporum

400 3718 533 3776 rationes
554 3714 728 3788 excludunt,
754 3733 824 3774 nam
845 3733 912 3774 cum
935 3715 1097 3774 Antoniam
1118 3734 1195 3788 eam,
1220 3735 1311 3792 quarn
1331 3719 1515 3792 quaerimus,
1537 3719 1627 3778 modo
1649 3719 1744 3778 uide.

400 3818 494 3878 rimus
515 3827 616 3877 natam
637 3835 705 3877 esse
727 3833 787 3876 non
808 3827 879 3894 post
900 3835 1010 3876 aunam
1034 3817 1105 3888 705,
1126 3831 1187 3876 uon
1209 3825 1309 3893 potest
1329 3836 1366 3876 ea
1386 3819 1483 3879 luisse
1502 3820 1635 3880 Antonia
1649 3821 1722 3880 Ahe

400 3919 527 3980 uobarbi
548 3929 619 3978 nata
633 3939 659 3978 a.
676 3920 736 3978 715
759 3915 790 3977 et
803 3917 896 3978 murlto
911 3917 1010 3976 minus
1025 3934 1144 3978 sorores
1159 3919 1225 3976 eius
1239 3919 1370 3978 minores
1385 3929 1474 3980 natae
1487 3921 1583 3980 altera
1596 3921 1726 3980 Antonia

400 4022 496 4083 Drusi
515 4040 542 4080 a.
559 4021 630 4093 718,
652 4021 746 4080 altera
760 4018 925 4095 Cleopatra
945 4039 973 4077 a.
996 4019 1066 4078 719.
1103 4017 1265 4079 Praeterea
1285 4019 1392 4079 harum
1414 4023 1548 4080 omnium
1568 4022 1632 4081 vita
1653 4022 1724 4083 satis

400 4131 492 4201 patet,
515 4142 569 4181 nec
590 4121 732 4181 credibile
752 4131 813 4194 est,
840 4121 949 4196 siqua
973 4137 1077 4179 earum
1098 4119 1273 4196 Pythodoro
1299 4121 1465 4199 nupsisset,
1493 4131 1632 4182 auctmes
1654 4139 1724 4200 quos

400 4225 545 4284 habemus
567 4219 672 4282 omues
693 4224 724 4282 id
745 4223 959 4300 praeterituros
980 4221 1086 4280 fuisse.
1130 4217 1211 4294 Quid
1231 4221 1313 4296 quod
1334 4223 1469 4281 Antonia
1488 4225 1585 4282 maior
1605 4225 1723 4284 Aheno·

400 4326 495 4384 barbo
516 4325 615 4384 infans
637 4325 790 4383 etiamtum
811 4341 837 4382 c.
860 4341 887 4382 a.
904 4323 963 4382 717
985 4321 1135 4398 desponsa
1155 4329 1225 4399 post
1245 4323 1359 4382 obitum
1380 4326 1476 4400 patris
1492 4323 1611 4385 demum
1632 4326 1724 4386 eidem

401 4427 504 4503 nupsit
524 4443 578 4483 nec
592 4425 675 4482 brevi
696 4431 830 4501 tempore
849 4423 882 4480 in
896 4441 932 4482 eo
947 4422 1137 4482 matrimonio
1150 4425 1326 4500 permansit,
1348 4443 1416 4485 oum
1429 4425 1511 4485 filias
1532 4445 1573 4486 ex
1590 4444 1626 4486 eo
1640 4435 1724 4488 natus

404 4699 515 4750 diderim
539 4712 598 4748 eum
617 4707 722 4765 propter
744 4701 858 4766 aliquam
881 4714 994 4763 causam,
1018 4701 1137 4755 morbum
1161 4702 1279 4766 fortusse,
1304 4703 1337 4754 ab
1361 4703 1584 4754 administratione
1602 4713 1725 4754 remotum

401 4799 484 4844 matre
503 4791 562 4841 viva
580 4791 675 4842 obiisse
699 4798 725 4841 et
742 4792 780 4842 lta
797 4786 969 4856 Pythodoridi
988 4808 1035 4857 pro
1053 4794 1108 4843 filio
1127 4801 1248 4859 nepotem
1267 4795 1427 4845 successisse.
1457 4794 1514 4846 Nec
1532 4795 1594 4845 satis
1612 4793 1641 4844 id
1659 4793 1722 4844 refu·

401 4891 470 4935 tatur
489 4898 520 4934 eo
540 4883 609 4948 quod
627 4881 681 4933 Dio
700 4882 814 4945 (59,12)
834 4883 922 4934 scribit
940 4897 965 4934 a.
980 4883 1014 4933 36
1029 4883 1122 4936 Caium
1142 4885 1245 4936 dedisse
1257 4881 1395 4954 Ilchlpuvt
1412 4883 1446 4949 τῷ
1457 4881 1502 4936 τοῦ
1514 4881 1667 4954 Πολ1μωιος
1678 4879 1726 4933 ata

401 4966 444 5038 τὴν
461 4964 573 5043 neapoleo
592 4962 684 5046 α’ρχῆν,
704 4989 765 5024 nam
783 4981 916 5039 paternum
936 4990 1043 5040 regnum
1062 4975 1138 5026 facile
1157 4991 1254 5042 ponere
1272 4977 1357 5041 potuit
1374 4992 1422 5042 pro
1441 4977 1519 5028 arito.

478 5063 502 5126 ¹)
521 5063 646 5132 me'lunyes
664 5065 695 5116 da
712 5066 823 5115 numam.
842 5068 921 5116 serat
940 5083 966 5131 p.
982 5066 1043 5117 115.

477 5152 502 5217 ¹)
521 5153 602 5207 Beitr.
621 5173 667 5206 aar
688 5153 775 5206 Gesel.
795 5155 841 5206 der
858 5153 958 5223 Kdnipe
976 5155 1021 5207 des
1038 5155 1170 5225 Bosporus
1188 5173 1213 5224 p.
1228 5158 1263 5210 63
1283 5172 1336 5224 seq.

477 5243 503 5308 ⁸)
523 5246 614 5299 Cicero
631 5248 745 5314 Philipp.
766 5249 791 5312 2,
813 5251 838 5311 2,
859 5249 884 5300 3.
910 5249 953 5312 13,
976 5251 1017 5312 10,
1040 5249 1088 5313 23;
1113 5249 1148 5302 sd
1165 5249 1222 5302 Att.
1242 5249 1286 5312 16,
1307 5249 1350 5301 11.
