3858 5960
608 551 906 606 oassnvnmouus
925 553 1042 606 aaron.
1062 555 1137 606 vm.
1464 538 1533 610 149

205 724 364 782 Arvalium
385 741 412 780 a.
428 740 458 798 p.
474 719 547 781 Chr.
565 723 603 780 14
625 721 730 798 (tabl
751 723 886 800 Marinii)
906 724 1058 801 pontilicis
1079 724 1246 784 sacerdotio
1268 725 1385 784 adiecto
1406 729 1444 786 ub
1466 729 1534 786 aliis

207 825 386 900 aequalibus
414 823 547 882 eiusdem
575 824 705 882 nominis
727 824 929 900 distinguitur.
972 825 1007 882 Id
1029 833 1128 884 autem
1150 826 1292 902 temporis
1313 826 1447 888 rationes
1469 846 1535 886 cum

206 943 267 983 non
294 924 448 1002 patiantur
474 923 558 998 (nam
585 924 694 982 fratres
715 924 850 983 Liciniae
871 926 999 1003 Magnae
1025 926 1088 984 nati
1115 935 1185 984 sunt
1206 946 1231 984 c.
1253 946 1280 983 a.
1298 925 1435 999 27-36,
1463 928 1536 987 Piso

206 1026 344 1101 pontifex
374 1026 424 1083 ille
450 1025 526 1084 obiit
552 1026 764 1101 octogenarius
793 1043 822 1100 p.
844 1025 916 1084 Chr.
933 1025 1003 1102 32),
1033 1025 1157 1085 maritus
1184 1027 1311 1104 Magnae
1340 1029 1420 1088 alius
1447 1029 1537 1088 luerit

207 1143 331 1184 necesse
359 1135 419 1198 est,
450 1143 505 1184 nec
532 1143 711 1202 quemquam
737 1127 855 1203 repperi
881 1135 1004 1204 propter
1029 1134 1157 1186 aetatem
1185 1129 1259 1186 satis
1287 1137 1390 1204 aptum
1418 1139 1537 1206 praeter

206 1225 244 1283 L.
259 1225 403 1284 Pisonem
424 1226 579 1284 consulem
602 1245 627 1284 a
645 1226 694 1298 57,
717 1233 818 1285 natum
837 1227 930 1304 igitur
944 1228 1024 1286 circa
1044 1247 1071 1286 a.
1087 1246 1116 1303 p.
1133 1226 1203 1287 Chr.
1220 1228 1269 1300 24,
1292 1247 1380 1304 quem
1395 1239 1425 1288 ct
1438 1231 1535 1307 ipsum

207 1319 381 1403 pontificatu
404 1336 540 1386 ornatum
561 1326 655 1386 fuisse
676 1335 756 1386 certe
777 1328 853 1386 nihil
873 1327 1003 1403 vetat1).
1039 1327 1173 1388 Uxorem
1196 1349 1263 1387 eum
1285 1330 1409 1389 duruisse
1431 1331 1535 1388 filiam-

208 1445 268 1502 que
293 1445 333 1486 ex
359 1446 395 1486 ea
421 1429 562 1504 genuisse
584 1427 709 1487 Tacitus
731 1428 815 1503 (hist.
836 1429 865 1500 4,
883 1429 930 1486 ll.
947 1429 1001 1505 59)
1022 1429 1140 1501 acribit;
1166 1447 1274 1488 nomen
1301 1440 1438 1490 auctores
1459 1449 1536 1507 quos

208 1528 352 1586 hahemus
374 1547 434 1586 non
454 1529 648 1588 tradiderunt.
1327 1601 1330 1610 ¹

292 1627 341 1686 Ex
362 1630 494 1704 posteris
517 1630 622 1688 horum
645 1629 786 1705 (quorum
802 1628 945 1690 Crassum
968 1631 1061 1707 Frugi
1083 1639 1224 1706 quattuor
1243 1630 1355 1690 liberos
1378 1632 1537 1692 sustulisse

208 1727 351 1800 vidimus,
377 1737 564 1806 possuntque
589 1732 679 1789 etiam
702 1729 916 1792 Scribonianus
938 1741 969 1790 et
989 1732 1064 1790 Piso
1086 1731 1196 1790 liberos
1219 1741 1289 1808 post
1310 1750 1342 1791 se
1363 1732 1536 1809 reliquisse)

209 1827 329 1888 nomine
349 1849 426 1890 unus
447 1841 560 1890 tantum
583 1837 832 1890 commemoratur
856 1832 1032 1908 Calpurnius
1056 1833 1179 1892 Crassus
1202 1831 1348 1910 Flupil),
1370 1834 1421 1909 qui
1444 1836 1536 1910 impe-

208 1938 295 1988 rante
315 1928 420 1988 Nerva
445 1949 510 1990 cum
536 1926 661 2008 regnum
688 1933 884 2008 appetiuisset
905 1932 1070 1992 Tarentum
1096 1942 1229 1992 remotus
1255 1941 1315 2006 est,
1342 1934 1448 1992 deinde
1470 1953 1537 1994 cum

209 2029 249 2088 ad
271 2031 374 2089 eadem
396 2032 522 2091 consilia
542 2033 682 2092 rediisset
702 2035 757 2092 suh
779 2033 928 2106 Traiano,
953 2034 985 2091 in
1007 2035 1137 2092 insulam
1155 2035 1322 2110 relegatus,
1343 2035 1471 2110 denique
1492 2036 1537 2092 in-

210 2130 276 2188 sula
302 2149 443 2208 egressus
470 2135 525 2192 sub
547 2132 703 2191 Hadriano
729 2143 862 2193 necatus.
906 2135 1033 2194 Animos
1060 2135 1099 2194 ad
1124 2152 1172 2194 res
1197 2153 1293 2194 novus
1321 2135 1487 2195 moliendas
1509 2138 1538 2195 ei

209 2231 281 2290 lecit
302 2233 367 2292 sine
388 2233 478 2292 dubio
500 2235 567 2310 ipsa
587 2233 821 2310 nobilitasque
843 2235 963 2294 nomine
985 2253 1059 2295 sane
1081 2253 1117 2293 eo
1139 2243 1272 2311 tempore
1292 2236 1344 2294 vix
1366 2237 1461 2295 ullum
1483 2237 1536 2294 he·

210 2332 275 2390 buit
296 2333 354 2392 sibi
376 2353 488 2410 parem.
532 2331 621 2406 Quod
643 2335 668 2394 si
690 2343 778 2394 natus
800 2341 905 2394 estex
927 2336 1039 2395 Pisone
1060 2337 1202 2413 adoptato
1224 2355 1243 2394 a
1265 2335 1380 2410 Galba,
1404 2356 1463 2413 quo
1486 2339 1537 2396 du·

211 2451 278 2490 cere
299 2433 416 2493 videtur
438 2433 596 2512 Calpurnii
617 2453 738 2508 nomen,
765 2436 1010 2513 repraesentabat
1030 2438 1062 2496 in
1083 2456 1116 2496 sc
1138 2436 1273 2496 Licinius
1296 2437 1438 2511 Crassos,
1468 2437 1539 2496 Cal-

210 2534 333 2608 purnios
362 2535 489 2594 Pisones
515 2535 625 2612 Frugi,
655 2536 818 2614 Pompeios
846 2538 989 2614 Magnos,
1018 2534 1194 2598 Scribonios
1222 2538 1370 2611 Libones,
1397 2537 1537 2598 Lutatios

212 2631 350 2708 Catulos,
379 2635 528 2712 Sulpicius
551 2635 683 2710 Galbae,
711 2645 744 2696 ut
769 2655 841 2696 sane
862 2645 953 2716 poeta
974 2639 1081 2697 aetatis
1103 2638 1335 2714 Domitianaei)
1357 2656 1416 2696 non
1438 2639 1538 2714 inepte

211 2735 369 2794 celebrarit
389 2739 467 2799 strio
487 2738 625 2796 Pisonum
646 2757 707 2797 cum
728 2749 870 2797 stemmate
892 2747 957 2797 toto.

294 2835 434 2896 Vidimus
460 2837 497 2897 de
519 2837 640 2898 Crassis
661 2838 753 2916 Frugi
760 2859 768 2910 ;
796 2845 947 2916 superest,
976 2848 1009 2896 ut
1030 2855 1238 2898 recenseamus
1258 2839 1295 2897 L.
1317 2839 1461 2912 Pisones,
1486 2839 1538 2915 qui

211 2937 331 3011 quidem
357 2947 480 3014 propter
504 2945 631 2999 aetatem
653 2939 692 2998 ad
714 2939 791 2998 hanc
813 2939 1042 3016 disputationem
1065 2941 1212 3016 pertinere
1234 2940 1352 3017 possint
1372 2948 1403 2998 et
1422 2947 1538 3017 patrem

212 3037 368 3097 habuerint
389 3040 582 3117 praenomine
604 3049 657 3098 aut
676 3040 763 3099 Lucii
785 3049 837 3098 aut
857 3041 979 3099 incerto.
1024 3039 1197 3100 Omittimus
1220 3041 1310 3117 igitur
1330 3040 1407 3098 duos
1428 3040 1464 3100 L.
1487 3041 1537 3100 Pi-

212 3155 300 3198 sones
322 3137 421 3199 Cnaei
446 3140 525 3199 illios
551 3158 614 3200 cos.
641 3159 669 3199 a.
691 3161 720 3200 u.
741 3159 766 3199 c.
783 3141 843 3200 753
870 3150 901 3200 et
926 3159 954 3216 p.
971 3138 1042 3200 Chr.
1059 3140 1113 3213 273
1139 3142 1218 3200 hunc
1245 3141 1324 3200 enim
1344 3141 1415 3200 licet
1440 3142 1539 3219 ipsum

212 3249 334 3316 propter
368 3241 463 3317 patris
498 3243 673 3300 memoriam
706 3243 875 3301 damnatam
907 3259 1090 3318 praenomen
1124 3241 1222 3302 Gnaei
1253 3243 1372 3302 abicere
1403 3253 1539 3302 coactum

213 3337 305 3414 (Tac.
335 3360 403 3400 ann.
431 3343 465 3414 3,
489 3343 546 3418 17)
577 3351 685 3419 postca
715 3361 835 3420 quoque
861 3341 959 3403 Gnaei
991 3344 1086 3403 filium
1118 3344 1267 3403 mansisse
1297 3353 1378 3404 recte
1409 3343 1539 3404 dubitari

213 3459 273 3498 non
305 3451 421 3518 potest3
453 3451 533 3504 certe
564 3443 595 3501 in
626 3443 723 3502 indice
755 3444 864 3505 Dionis
895 3445 990 3504 Iulius
1019 3446 1169 3504 Antonius
1203 3443 1341 3503 similiter
1372 3445 1541 3522 appellatur

214 3541 306 3600 Marci
338 3544 426 3603 tilius.
476 3542 615 3620 Denique
646 3543 681 3602 L.
711 3543 894 3621 Calpurnius
921 3546 993 3605 Piso
1020 3546 1113 3623 Frugi
1139 3545 1328 3618 Licinianus,
1361 3545 1386 3603 si
1420 3545 1539 3621 quidem

212 3651 292 3699 reete
323 3660 415 3720 supra
445 3643 602 3702 docuimus
628 3643 778 3703 Liciniani
808 3664 917 3706 nomeu
949 3666 1016 3705 eum
1049 3666 1109 3705 non
1141 3647 1179 3706 ab
1210 3646 1371 3722 adoptione
1398 3647 1540 3718 traxisse,

214 3741 309 3800 Marci
335 3745 416 3803 filius
436 3745 507 3816 suit,
533 3763 594 3803 uon
614 3744 711 3805 Lucii.
753 3745 883 3806 Itanon
905 3754 1019 3804 restant
1039 3746 1099 3804 nisi
1120 3753 1195 3818 tres,
1223 3747 1391 3822 dequibus
1413 3748 1541 3824 cogitari

135 3903 139 3912 ,
213 3841 320 3918 possit,
342 3845 393 3919 qui
415 3852 486 3904 sunt
505 3845 546 3905 hi.
815 3915 816 3918 Ἴ

302 3943 329 4002 1.
372 3943 407 4003 L.
431 3943 612 4022 Calpurnius
634 3945 670 4006 L.
692 3947 713 4005 1.
735 3946 809 4005 Piso
832 3945 964 4022 (Frugi)
987 3947 1093 4006 consul
1115 3965 1142 4005 a.
1158 3946 1233 4018 739,
1261 3955 1397 4004 mortuus
1422 3953 1541 4022 octoge-

214 4044 317 4102 narius
339 4064 366 4103 a.
382 4067 410 4105 u.
426 4065 452 4106 c.
469 4048 528 4108 785
548 4071 586 4098 ==
607 4065 636 4124 p.
653 4046 724 4107 Chr.
741 4047 796 4119 32,
822 4047 859 4106 de
880 4064 939 4122 quo
962 4047 1215 4124 supradiximus.
1259 4045 1353 4122 Frugi
1374 4061 1541 4120 cognomen

215 4143 390 4222 plerumque
410 4147 565 4206 omittitur.

299 4243 327 4303 2.
369 4246 405 4304 L.
428 4245 610 4323 Calpurnius
632 4249 707 4308 Piso
735 4251 761 4308 is
787 4250 838 4324 qui
864 4248 981 4324 legatus
1002 4247 1169 4325 Hispaniae
1190 4247 1336 4306 citerioris
1353 4247 1448 4325 ‚periit
1468 4267 1495 4307 a.
1511 4266 1539 4324 p.

218 4341 288 4402 Chr.
306 4344 355 4417 26,
377 4365 465 4423 quem
487 4347 581 4408 tilium
603 4349 809 4426 praecedentis
830 4349 926 4408 fuisse
946 4349 1041 4407 videri
1064 4365 1156 4424 supra
1176 4349 1410 4408 observavimus.

216 4467 419 4480 u·—

294 4530 317 4593 ¹)
344 4533 402 4582 Hoc
424 4533 448 4582 ai
464 4547 554 4582 verum
578 4539 630 4596 est,
654 4535 721 4584 tituli
745 4535 797 4584 duo
815 4535 928 4585 urbanus
947 4535 1015 4584 Mur.
1031 4535 1096 4596 153,
1117 4536 1132 4583 2
1158 4533 1235 4584 hodie
1258 4535 1285 4582 iu
1305 4535 1435 4600 Capitolio
1454 4536 1541 4586 adser-

215 4628 300 4671 vatur:
319 4620 390 4672 lulla
408 4622 456 4684 (sic
473 4624 574 4674 videtur
592 4637 655 4676 esse
666 4626 691 4675 in
711 4626 798 4690 lapide
815 4627 882 4675 male
900 4625 1006 4690 scripto)
1026 4621 1058 4674 L.
1078 4622 1182 4674 Pisonis
1194 4623 1303 4690 portus.‚·
1323 4625 1433 4676 Aemilia
1448 4623 1541 4693 Hclpis

215 4711 318 4760 mercati
326 4711 394 4775 fecit
414 4720 440 4763 et
458 4714 561 4764 Veleias
582 4715 650 4780 apud
668 4717 776 4766 Lamum
795 4717 854 4766 iser.
874 4715 943 4766 della
961 4714 1034 4765 acala
1053 4712 1165 4765 Furuesc
1184 4731 1209 4780 p.
1224 4717 1272 4765 6οι
1297 4713 1329 4766 L.
1351 4713 1489 4783 Cohrnruio
1508 4713 1541 4766 L.

209 4799 234 4864 s.
254 4800 346 4852 Pisoni
360 4804 452 4869 pontis.
472 4821 522 4856 coa.
541 4806 598 4870 puri
617 4806 672 4856 iure
691 4806 781 4856 referri
799 4813 918 4870 poterunt
936 4806 969 4855 ad
988 4807 1105 4857 consules
1124 4822 1148 4856 a.
1162 4823 1186 4856 u.
1201 4823 1223 4857 c.
1238 4807 1290 4858 739
1311 4813 1337 4856 et
1355 4823 1381 4872 p.
1395 4807 1456 4858 Chr.
1472 4806 1514 4856 57.

291 4889 316 4952 ²)
342 4891 463 4958 Κρᾶσσος
481 4885 653 4964 Καλποιῖρνιος
671 4894 717 4946 aiiu
734 4885 859 4965 Kpriraau
878 4891 972 4945 luaiuuu
991 4891 1089 4964 ἔγγονος
1108 4897 1177 4962 apud
1195 4897 1306 4947 Dionem
1325 4897 1368 4959 68,
1384 4897 1414 4960 33
1436 4893 1542 4962 Culpar-

216 4981 272 5030 uiaa
294 4979 401 5032 Cruasm
420 4984 448 5033 ln
465 4986 577 5037 Victoris
596 4989 708 5052 epitoma
728 4989 769 5050 13,
786 4990 816 5050 7,·
836 4985 922 5054 Frugi
942 4985 1050 5039 Crassus
1069 4989 1096 5039 in
1116 4989 1182 5038 vitae
1202 4988 1327 5039 Hadriani
1347 5003 1368 5038 c.
1383 4988 1412 5049 53
1436 4983 1544 5041 Croesus

217 5073 285 5136 apud
303 5073 416 5122 Dionem
437 5073 540 5136 68,16.

283 5160 318 5225 ἰ)
344 5165 474 5215 Martialis
492 5167 518 5228 4,
532 5168 576 5218 to.
