3858 5960
582 554 632 606 on
650 552 915 608 annrrrcrouvu
931 553 1037 608 vners
1054 554 1210 608 rrrvurs.
1487 541 1556 612 121

231 727 356 787 Dudum
377 727 564 786 intellectum
585 733 633 785 est
653 743 721 786 esse
734 733 849 805 partem
864 727 944 786 tituli
958 743 1046 786 arcum
1060 725 1251 802 triumphalis
1266 727 1338 785 iacti
1353 725 1481 788 Claudio
1497 731 1559 791 llu-

232 837 322 906 guste
344 849 364 887 a
383 835 490 887 senatu
510 827 683 905 populoque
702 826 840 886 Romanu
861 835 984 904 propter
1005 827 1152 886 devictam
1167 827 1362 890 Britanniam.
1398 828 1435 886 In
1457 832 1560 890 eodem

233 937 332 988 autem
354 947 424 988 arcu
447 927 578 988 dubitari
599 947 660 987 non
681 935 788 1004 potest,
809 927 890 1004 quod
912 929 1010 988 adhuc
1031 928 1167 987 homines
1183 927 1288 987 doctos
1303 928 1420 988 videtur
1436 931 1560 1007 fugisse,

233 1029 305 1106 quin
319 1029 430 1088 luerint
444 1028 589 1104 reliquiae
606 1028 676 1087 illae
692 1027 756 1087 sive
770 1029 858 1087 unius
874 1027 994 1088 tabulae
1008 1047 1135 1106 magnae
1149 1045 1334 1088 marmoreae
1350 1031 1414 1090 sive
1429 1032 1561 1108 plurium

233 1136 368 1206 repertae
389 1130 484 1188 multo
505 1138 585 1202 ante,
606 1129 637 1186 iu
659 1129 768 1206 quibua
788 1129 936 1206 inscripta
950 1129 999 1188 vel
1019 1148 1099 1189 nuuc
1115 1137 1220 1189 extant
1233 1131 1282 1190 vel
1296 1139 1385 1190 autea
1398 1131 1563 1192 extiterunt

233 1231 356 1289 nomina
380 1232 488 1290 domus
511 1228 658 1310 Claudiae
682 1247 754 1288 caan
778 1229 880 1288 dativo
901 1229 981 1289 aliud
1002 1239 1128 1308 propter·
1146 1230 1228 1290 aliud
1249 1231 1365 1308 posita,
1388 1231 1561 1293 Germanici

233 1331 350 1402 irruis,
377 1331 529 1390 Antoniae
553 1331 674 1404 matris,
700 1330 885 1409 Agrippinae
912 1331 1033 1402 uxoris,
1056 1329 1188 1390 Neronis
1209 1331 1280 1403 lilii,
1303 1329 1449 1391 Octaviae
1470 1334 1560 1394 filiae.

234 1431 353 1491 Tabula
373 1449 411 1491 ca
431 1449 509 1508 quae
529 1432 662 1492 continet
682 1432 804 1490 nomina
820 1431 980 1504 Antoniae,
995 1431 1193 1510 Agrippinae,
1207 1430 1339 1492 Neronis
1360 1433 1457 1492 adhuc
1478 1441 1563 1493 extat

234 1531 265 1589 in
286 1550 392 1593 moseo
407 1531 588 1611 Capitolino,
610 1533 716 1592 titulos
732 1531 824 1590 edidit
837 1540 955 1608 practer
968 1532 1044 1591 alios
1060 1532 1211 1593 Gruterus
1233 1553 1263 1610 p.
1279 1531 1349 1605 236,
1365 1533 1383 1592 9
1399 1541 1429 1593 et
1444 1534 1515 1608 238,
1532 1535 1560 1595 6.

233 1633 306 1692 Illas
327 1633 407 1692 enim
428 1633 546 1693 tabulas
567 1652 628 1692 uon
650 1633 748 1693 solum
762 1651 802 1691 ex
815 1632 920 1691 eodem
934 1633 1011 1706 loco,
1034 1632 1085 1690 ubi
1097 1633 1204 1692 titulus
1219 1630 1340 1692 Claudii
1353 1641 1490 1710 repertus
1505 1643 1562 1710 eat,

234 1734 386 1810 prodiisse
407 1734 578 1812 complures
599 1741 755 1808 testantur,
777 1732 831 1792 sed
845 1733 1000 1794 Manutius
1021 1733 1053 1792 iu
1074 1733 1176 1792 codice
1190 1732 1339 1793 Vaticano
1361 1733 1442 1794 5237
1464 1735 1562 1794 t147

234 1841 339 1894 auctor
359 1844 410 1896 eat
427 1853 480 1896 aas
501 1835 597 1896 fuisse
617 1835 649 1894 iu
670 1853 744 1894 aron
765 1834 895 1911 quodam
915 1834 965 1893 his
979 1833 1079 1894 verbis
1100 1852 1173 1894 usus
1190 1835 1382 1912 aetiopiam
1396 1836 1426 1894 da·
1440 1836 1563 1896 Sciarra

227 1935 269 2010 sn
289 1939 429 1996 rinocore
450 1954 506 1996 ano
527 1925 596 1996 orco
618 1937 650 1994 da·
666 1937 790 1996 Claudio
811 1939 980 2012 imperatore
1001 1934 1192 1995 t’aano1562
1212 1954 1265 1994 con
1283 1945 1378 2012 questa
1396 1939 1562 2009 natureae

234 2036 362 2096 subiecit
388 2055 441 2096 eos
466 2037 568 2096 titulos
590 2036 757 2113 dequibus
780 2036 916 2096 dicimus.
959 2035 1153 2096 Manifestum
1175 2043 1220 2095 est
1241 2036 1333 2115 igitur
1354 2055 1456 2096 areum
1476 2037 1562 2097 illum

234 2137 445 2214 triumphalem
472 2137 641 2209 dedicatum
668 2137 764 2216 fuisse
790 2136 918 2196 Claudio
947 2137 1109 2214 domuique
1137 2135 1270 2218 caudit..
1307 2136 1434 2197 Videtur
1461 2148 1561 2199 autam

234 2236 282 2295 hic
303 2245 336 2296 nt
351 2238 525 2298 Tieinensis
540 2231 680 2315 Augusti,
701 2239 739 2297 de
760 2256 820 2314 quo
841 2238 985 2298 disseruit
998 2233 1216 2316 Mommsen¹),
1238 2238 1334 2298 luisse
1353 2258 1389 2298 ca
1402 2239 1508 2311 forma,
1530 2250 1563 2300 ut

235 2348 353 2412 praeter
373 2348 503 2400 statuam
524 2339 714 2418 imperatoris
735 2338 832 2416 ipsius
854 2347 978 2399 ornatus
1001 2346 1082 2399 esset
1102 2339 1211 2398 statuis
1233 2357 1336 2399 eorum
1353 2341 1404 2418 qui
1419 2360 1459 2400 ex
1473 2342 1562 2401 domo

234 2439 300 2499 eins
322 2449 415 2499 erant.

317 2539 387 2601 Una
411 2562 479 2603 cum
504 2542 615 2602 tabulis
636 2558 713 2619 quas
734 2558 827 2619 supra
847 2541 978 2624 diximus
998 2549 1119 2617 reperta
1139 2548 1211 2600 snut
1229 2541 1398 2618 fragmenta
1418 2542 1562 2600 nonnulla

235 2659 311 2716 qnae
325 2643 415 2702 ceteri
428 2644 597 2704 describere
611 2643 785 2717 omiserunt,
807 2659 884 2702 unus
904 2641 1065 2720 descripsit
1078 2641 1225 2701 Nicotaus
1238 2642 1423 2715 Florentius,
1445 2659 1562 2701 eorum-

235 2761 293 2819 que
313 2745 453 2822 exempla
471 2746 555 2804 misit
575 2752 605 2804 et
622 2743 791 2816 Torrentio,
813 2743 844 2802 in
865 2743 950 2802 onius
971 2741 1074 2802 codiee
1094 2742 1287 2802 Bruxellensi
1309 2749 1414 2802 extant
1434 2742 1466 2800 in
1487 2742 1562 2800 lolio

235 2845 342 2920 primo,
364 2855 394 2904 et
413 2845 532 2924 Pighio,
554 2845 640 2904 cuius
661 2845 756 2904 codici
778 2843 968 2904 Beroliueusi
989 2844 1104 2904 inserta
1125 2849 1195 2902 suut
1215 2842 1247 2900 iu
1267 2843 1376 2902 r.103.
1413 2842 1562 2921 Exempla

236 2947 458 3008 accuratissime
478 2947 599 3024 depicta
619 2946 695 3006 haec
716 2953 799 3006 sunt:

517 3096 623 3276 &A
916 3156 927 3168 .
1212 3130 1255 3174 ao
1642 3113 1646 3120 ’

543 3235 562 3258 ¹·
866 3235 927 3278 τΑτ
941 3248 949 3265 ·
964 3226 1000 3278 tn
1062 3253 1071 3276 ι
1208 3233 1238 3275 vr
1256 3229 1270 3268 r

401 3379 404 3386 .
882 3337 959 3380 ratur
1208 3319 1241 3377 tlt

891 3435 958 3480 von
1395 3501 1397 3506 Ι

238 3591 323 3666 Quae
348 3593 375 3654 si
402 3593 563 3654 contuleris
584 3611 652 3654 curn
674 3609 784 3670 magno
804 3591 858 3652 illo
878 3591 1048 3670 fragmento
1071 3611 1099 3652 a.
1118 3591 1194 3652 1641
1219 3589 1325 3652 eodem
1345 3591 1413 3650 loco
1435 3599 1564 3668 reperto,

237 3693 392 3774 intelleges
418 3695 581 3774 particulas
602 3694 697 3754 luisse
718 3693 852 3755 eiusdem
874 3693 962 3752 tituli.
1005 3691 1123 3782 Harum
1145 3711 1202 3772 ope
1223 3693 1250 3753 is
1271 3693 1303 3752 in
1323 3693 1402 3752 hauc
1422 3691 1484 3752 lere
1505 3691 1565 3750 ior-

238 3813 317 3855 mam
337 3797 454 3860 videtur
473 3797 592 3858 restitui
613 3812 718 3873 posse:

503 3947 505 3952 ’
576 3949 616 4010 TI
652 3971 661 3988 ·
694 3947 860 4008 CthVdio
903 3948 987 4006 dmi
1014 3947 1044 4022 s.
1081 3945 1222 4007 cniSARl

708 4047 876 4110 evovae
900 4045 1094 4125 amasco

578 4165 732 4214 rorrrtrrct
770 4167 866 4210 muaetmo
902 4165 950 4208 trit.
982 4164 1108 4218 petram
1146 4175 1153 4192 ·
1188 4153 1224 4206 lli

636 4268 696 4314 cos
708 4261 837 4322 ·v·ncp.
855 4249 949 4327 περ)
967 4266 1032 4319 pavr
1048 4265 1165 4320 paratio

523 4376 535 4416 a
578 4369 712 4414 ssnaws
747 4383 755 4398 ·
792 4367 937 4422 coptam
979 4365 1101 4410 anam
1142 4364 1224 4420 ,von

637 4471 730 4516 aneas
746 4485 753 4499 ·
770 4469 914 4520 ammae
934 4469 962 4513 an
977 4479 984 4496 ·
1000 4467 1101 4514 senae
1122 4467 1168 4510 aaa

638 4571 728 4616 vura·
740 4570 869 4615 nervae
882 4571 906 4612 a
919 4537 1049 4612 aarum
1063 4569 1169 4622 aecana

581 4671 764 4729 nemeseus
807 4684 815 4699 ·
858 4671 972 4713 aaran
1019 4673 1080 4712 om
1123 4678 1225 4711 manum

581 4757 751 4816 acinus-ra
773 4769 899 4815 arcionem
916 4771 995 4824 popae
1015 4769 1101 4813 rom
1121 4769 1226 4822 nauare

318 5081 341 5144 ¹)
368 5081 489 5133 Barichte
508 5083 554 5134 der
572 5083 654 5134 sicha.
674 5079 816 5136 Gssedsclr.
836 5079 862 5130 d.
875 5079 954 5132 Wiss.
977 5071 1047 5130 lato
1066 5093 1091 5144 p.
1107 5077 1170 5128 elo.
