3858 5960
401 581 449 654 ts
975 600 1159 654 nemean

400 771 602 842 voluminum,
631 788 711 846 qnae
739 769 827 828 hodie
857 771 1044 830 conscribere
1073 773 1171 832 solent
1197 791 1315 831 omnem
1343 772 1472 850 lapidem
1501 783 1658 834 moventes
1678 776 1735 836 im·

399 872 509 949 perite,
538 871 636 930 libelli
657 871 765 930 breves
787 871 967 942 succedant;¹
990 871 1097 932 deinde
1118 883 1152 931 ιιι
1172 891 1227 949 per
1246 873 1359 949 gradtm
1379 874 1570 950 perveniatur
1591 879 1630 936 ad
1650 877 1735 937 Lati·

398 991 455 1032 nae
481 973 666 1032 litteraturae
687 972 769 1030 sices
795 971 958 1030 secundum
985 983 1099 1032 aetates
1125 983 1156 1032 et
1174 975 1313 1050 regiones
1334 985 1474 1032 accurate
1496 975 1681 1037 definiendas
1703 986 1734 1037 et

398 1075 487 1150 quasi
515 1073 643 1132 dixerim
667 1072 826 1147 unicuique
848 1071 1093 1132 soloecismorum
1114 1083 1144 1132 et
1164 1075 1416 1134 barbarismorum
1438 1077 1540 1153 generi
1563 1096 1634 1137 suos
1656 1081 1732 1138 lines

398 1173 613 1250 adsignandos.
661 1173 803 1248 Exempli
836 1190 929 1230 causa
962 1193 1017 1250 per
1043 1174 1144 1234 Rossii
1177 1175 1363 1250 praeclarum
1397 1195 1473 1252 opus
1505 1178 1732 1254 inscriptionum

398 1275 627 1334 christianarum
650 1275 829 1333 urbanarum
851 1275 963 1332 saeculi
985 1276 1085 1352 quarti
1106 1283 1136 1333 et
1156 1276 1252 1352 quinti
1274 1276 1333 1340 'nm
1355 1295 1552 1354 assequemur
1572 1279 1637 1338 eius
1659 1289 1733 1339 tem·

397 1376 480 1452 poris
511 1375 658 1433 sermonis
686 1374 793 1432 urbani
820 1375 931 1451 plebeii
957 1376 1031 1434 satis
1059 1376 1180 1435 uberem
1206 1377 1342 1434 notitiam
1349 1398 1358 1449 3
1388 1378 1584 1455 similiterque
1610 1380 1732 1439 tractari

397 1483 539 1552 poterunt
563 1476 653 1534 etiam
675 1474 811 1533 Africani
836 1475 928 1547 tituli,
954 1482 1114 1551 postquam
1139 1493 1192 1535 eos
1218 1476 1256 1535 ab
1277 1478 1419 1536 Renierio
1443 1481 1613 1558 recognitos
1640 1481 1732 1540 habe·

397 1593 475 1636 mus.
524 1575 668 1634 Fortasse
696 1577 764 1652 ipsa
790 1577 865 1635 haec
892 1576 1059 1651 ephemeris
1086 1576 1233 1635 eiusmodi
1260 1580 1513 1640 commentariolis
1541 1581 1731 1657 publicandis

397 1677 562 1754 aliquando
583 1677 734 1736 inserviet.

482 1775 543 1838 Sed
563 1778 623 1836 iam
645 1797 664 1834 a
684 1778 776 1854 longo
798 1777 923 1836 exordio
939 1779 1094 1837 veniemus
1117 1777 1155 1836 ad
1176 1780 1421 1855 quaestiunculas
1442 1775 1652 1860 grammaticas
1669 1799 1730 1856 eas,

397 1877 435 1938 de
462 1879 570 1956 quibus
596 1879 627 1937 in
654 1879 755 1938 animo
776 1889 822 1937 est
843 1879 952 1938 dicere.
996 1881 1073 1938 Acta
1093 1879 1220 1938 fratrum
1241 1881 1400 1939 Arvalium
1422 1882 1491 1941 dnm
1514 1903 1672 1958 percurro,
1698 1882 1730 1942 id

397 1997 506 2056 corpus
521 1979 620 2038 visum
642 1990 689 2038 est
710 1986 743 2036 ut
765 1980 803 2038 ad
826 1980 885 2038 alia
906 1981 949 2038 ita
970 1981 1059 2038 etiam
1082 1982 1121 2039 ad
1142 1999 1191 2039 res
1213 1983 1423 2058 grammaticas
1439 1983 1630 2042 utilissimum
1647 2001 1729 2054 esss3

397 2080 535 2139 similiter
555 2081 633 2139 enim
655 2088 689 2138 ut
710 2087 779 2137 ante
800 2080 918 2156 aliquot
938 2098 1034 2139 annos
1055 2081 1092 2138 de
1114 2081 1289 2158 diplomatis
1305 2092 1511 2142 veteranorum
1527 2084 1616 2142 docui
1639 2084 1730 2160 (Her-

397 2200 464 2240 mae
485 2181 575 2239 vol.I
602 2201 631 2257 p.
651 2179 818 2256 460seq.)‚
845 2181 888 2239 ita
913 2181 970 2240 boe
997 2199 1116 2257 quoque
1142 2200 1251 2257 corpus
1277 2183 1367 2240 habet
1392 2193 1460 2242 acta
1484 2203 1631 2244 annorum
1658 2186 1728 2263 plus

397 2283 592 2342 ducentorum
618 2281 656 2338 ab
677 2281 818 2340 extremis
838 2281 969 2358 Augusti
996 2282 1180 2357 temporibus
1202 2283 1240 2340 ad
1263 2281 1452 2342 Gordianum
1474 2285 1589 2344 Romae
1611 2287 1731 2362 publice

396 2384 568 2458 conscripta
587 2389 617 2440 et
637 2382 680 2440 ita
701 2391 882 2459 comparata,
904 2389 938 2439 nt
959 2383 1121 2458 quotannis
1143 2381 1170 2440 si
1191 2401 1251 2440 non
1272 2383 1388 2456 iisdem,
1411 2394 1490 2443 certe
1506 2387 1655 2445 similibus
1669 2387 1730 2445 ior·

396 2485 487 2543 mulis
508 2483 706 2559 sollemnique
728 2482 890 2540 earundem
912 2501 1011 2540 rerum
1032 2483 1209 2558 repetitione
1230 2485 1493 2561 perscriberentur.
1538 2485 1728 2564 Quamquam

396 2584 586 2664 diplomatis,
611 2583 643 2641 id
664 2593 711 2642 est
730 2583 848 2661 legibus
869 2583 1059 2658 imperatoris
1084 2585 1170 2642 iussu
1198 2585 1236 2642 ab
1261 2585 1299 2643 iis
1320 2585 1429 2660 quibus
1450 2587 1480 2645 id
1501 2589 1653 2664 negotium
1674 2609 1730 2666 pu·

397 2685 474 2744 blice
495 2685 599 2743 datum
620 2691 700 2744 esset
720 2684 873 2761 conceptis
896 2693 926 2742 et
952 2685 1026 2743 satia
1048 2685 1205 2760 diligenter
1225 2685 1331 2743 deinde
1353 2705 1391 2744 ex
1413 2706 1482 2745 aere
1503 2688 1603 2764 palam
1619 2707 1728 2766 propo·

397 2786 456 2844 sito
477 2785 634 2861 descriptis
656 2793 687 2842 et
707 2785 879 2863 recognitis,
901 2795 970 2844 acta
990 2786 1064 2843 haec
1084 2785 1173 2861 louge
1194 2786 1339 2844 inferiora
1360 2795 1439 2858 sunt,
1460 2789 1491 2846 in
1510 2789 1610 2866 lapide
1630 2789 1728 2850 incisa

397 2905 416 2946 a
441 2903 530 2944 servo
556 2886 676 2962 publico
703 2887 831 2962 collegio
853 2886 891 2944 ad
912 2886 943 2944 id
964 2886 1061 2961 ipsum
1084 2887 1229 2945 attributo
1250 2905 1348 2962 nequa
1369 2889 1476 2965 opinor
1496 2899 1619 2967 propter
1640 2909 1728 2950 usum

397 2986 543 3046 tractandi
576 3006 612 3045 ea
644 2997 675 3045 et
706 2987 911 3058 describendi,
943 2987 998 3046 sed
1027 2997 1061 3045 ut
1091 2988 1372 3064 quomodocunque,
1394 2991 1561 3066 perscripta
1592 2999 1730 3052 extarent

396 3097 521 3166 propter
548 3087 722 3166 religionem
751 3089 853 3146 nescio
878 3105 978 3164 quam.
1028 3085 1108 3146 Sane
1135 3087 1183 3146 vel
1210 3089 1276 3146 sola
1301 3089 1469 3148 litteratura
1496 3091 1651 3168 utriusque
1679 3109 1728 3168 ge·

396 3189 477 3248 neris
504 3187 747 3246 documentorum
774 3207 840 3246 earn
866 3187 1063 3246 differentiam
1089 3188 1168 3248 clare
1193 3190 1347 3266 proponit3
1376 3209 1444 3248 nam
1469 3209 1537 3249 cnm
1564 3191 1730 3267 diplomata

396 3287 557 3346 ostendant
582 3287 757 3362 quadratam
785 3297 815 3345 et
839 3289 950 3347 iustam
975 3296 1006 3347 et
1031 3291 1163 3347 maxime
1189 3291 1286 3366 primo
1313 3289 1431 3349 saeculo
1456 3291 1545 3367 longe
1566 3293 1728 3369 pulcherri-

396 3405 486 3459 mam,
509 3395 575 3444 acta
589 3389 757 3461 Arvalium,
778 3405 906 3464 quorum
927 3390 1095 3466 scripturae
1116 3391 1266 3466 specimen
1288 3400 1423 3448 accurate
1445 3391 1589 3452 selectum
1608 3394 1730 3454 tabulae

397 3487 612 3546 Henaenianoe
640 3488 777 3547 relationi
808 3489 942 3548 adiectae
967 3498 1151 3568 proponunt,
1177 3491 1245 3568 ipso
1271 3492 1368 3568 primo
1390 3491 1510 3551 saeculo
1532 3492 1572 3550 ad
1593 3495 1730 3570 antiqua·

397 3589 510 3649 riorum
532 3589 711 3663 scripturam
732 3590 922 3665 aliquatenus
944 3591 1097 3650 declinant
1116 3611 1171 3650 nec
1193 3591 1317 3652 multum
1333 3592 1476 3652 recedunt
1489 3612 1508 3651 a
1522 3593 1617 3652 titulis
1633 3596 1729 3672 scrip*

396 3689 438 3748 tis
463 3688 495 3746 in
520 3689 684 3766 parietibus
707 3691 900 3768 Pompeianis
927 3693 1056 3751 carbone
1077 3693 1126 3750 vel
1151 3693 1286 3764 rubrica,
1312 3711 1438 3783 qporum
1465 3694 1613 3752 elementa
1633 3715 1730 3772 nuper

397 3789 443 3847 vir
467 3789 499 3846 in
523 3789 582 3848 hoc
607 3789 728 3865 quiden
753 3792 919 3852 studiorum
941 3811 1050 3870 genere
1075 3793 1164 3852 hodie
1185 3794 1274 3852 facile
1294 3795 1434 3872 princeps
1457 3792 1586 3854 Carolus
1613 3796 1729 3873 Zange-

396 3889 519 3956 meister
543 3891 576 3949 in
602 3891 763 3950 voluminis
789 3895 886 3969 quarti
908 3895 1011 3954 tabula
1031 3895 1130 3972 prima
1150 3905 1288 3954 accurate
1309 3897 1555 3974 repraesentavit.
1599 3895 1728 3980 (lompa-

397 4001 480 4051 retur
500 3991 578 4050 inter
600 3992 661 4050 alia
681 3993 820 4052 elementi
841 4015 861 4052 a
882 3995 978 4072 figura
998 3997 1029 4055 in
1050 3997 1199 4072 scriptura
1223 3997 1369 4072 quadrata
1388 3998 1469 4056 iusta
1490 4016 1609 4072 semper
1623 3997 1727 4056 exiens

397 4092 428 4150 in
454 4092 596 4168 angulum
623 4103 756 4166 acutum,
784 4095 816 4154 in
843 4097 918 4156 actis
938 4107 1038 4154 antem
1059 4097 1157 4154 titulis
1178 4098 1347 4174 parietariis
1370 4116 1423 4174 per
1444 4097 1553 4174 gradus
1575 4099 1728 4158 declinans

396 4191 437 4250 ad
465 4192 590 4270 figuram
620 4196 835 4268 subrotundam
861 4214 883 4256 υ
904 4197 994 4255 talem
1016 4197 1094 4270 iere,
1120 4197 1217 4274 qualis
1244 4198 1374 4274 pingitur
1398 4198 1429 4255 in
1450 4215 1566 4274 papyro
1588 4199 1728 4257 carminis

396 4291 552 4352 Rabiriani
584 4293 819 4369 Herculanensi;
854 4298 932 4356 unde
962 4297 1071 4356 deinde
1102 4298 1263 4374 antiquarii
1296 4300 1403 4357 aetatis
1434 4299 1580 4370 labentis,
1612 4309 1646 4358 ut
1677 4300 1728 4376 qui

397 4393 583 4470 scripserunt
605 4393 733 4470 Digesta
746 4396 930 4470 Florentino,
952 4398 1087 4456 lecerunt
1107 4400 1233 4476 liguram
1258 4417 1288 4459 u.
1332 4397 1480 4460 Similiter
1498 4419 1518 4456 a
1539 4399 1640 4458 littera
1660 4418 1727 4460 cum

396 4493 429 4551 in
456 4493 629 4570 diplomatis
655 4496 788 4554 melioris
815 4499 923 4556 aetatis
948 4498 992 4556 sic
1019 4499 1082 4556 lere
1109 4500 1249 4576 pingatur
1274 4516 1311 4573 tv,
1339 4501 1371 4559 in
1398 4499 1493 4558 titulis
1522 4501 1610 4575 pictis
1636 4501 1729 4560 Pom·

396 4591 521 4668 peianis-
542 4603 572 4651 et
596 4593 627 4652 in
653 4595 728 4654 actis
749 4597 908 4656 Arvalium
935 4607 965 4657 et
990 4598 1021 4656 in
1046 4618 1163 4676 papyro
1188 4601 1243 4658 illo
1268 4599 1311 4660 sic
1332 4600 1393 4659 lere
1415 4601 1546 4658 cernitur
1567 4599 1608 4658 N.
1624 4631 1661 4642 -
1685 4600 1730 4660 Ut

396 4691 573 4764 litteratura,
593 4695 637 4753 ita
657 4698 852 4772 grammatica
872 4699 903 4758 in
924 4699 1057 4776 utrisque
1076 4700 1184 4760 differt.
1221 4699 1301 4760 Nam
1316 4701 1489 4778 diplomata,
1511 4719 1587 4776 quae
1609 4701 1729 4776 quidem

397 4799 465 4852 ante
491 4791 633 4853 Severum
660 4797 772 4873 scripta
800 4798 875 4871 sint,
902 4818 922 4858 a
946 4800 1139 4860 barbarismis
1160 4801 1307 4860 immunia
1327 4811 1410 4875 sunt,
1436 4811 1470 4860 ut
1494 4801 1583 4860 tertio
1610 4800 1729 4860 demum

396 4893 518 4953 saeculo
533 4894 607 4952 vitia
627 4895 659 4953 in
680 4896 718 4954 iis
740 4915 913 4974 comparere
933 4900 1090 4978 incipiant;
1112 4903 1155 4961 ita
1176 4921 1232 4978 pos
1253 4904 1334 4978 quod
1354 4913 1402 4963 est
1423 4921 1478 4978 pro
1498 4911 1729 4978 praesequente

396 4993 494 5052 denuo
516 4993 616 5052 littera
637 5003 657 5068 t,
683 5013 770 5071 quem
792 4997 1001 5058 soloecismum
1023 5002 1111 5060 hodie
1133 5003 1220 5062 multi
1240 5005 1383 5080 religiose
1405 5003 1501 5078 magis
1523 5002 1626 5061 colunt
1639 5020 1729 5078 quam

396 5093 527 5165 erudite,
550 5095 715 5170 diplomata
735 5097 774 5154 ad
793 5097 929 5157 Marcum
951 5119 1043 5176 usque
1063 5103 1219 5178 ignorant,
1248 5113 1279 5162 at
1300 5107 1338 5164 ab
1360 5124 1387 5163 a.
1409 5104 1478 5162 inde
1501 5101 1560 5160 216
1583 5113 1728 5180 perpetuo

397 5195 532 5253 scribunt
551 5196 756 5273 postsmplam,
783 5205 817 5255 ut
843 5199 900 5257 hoc
926 5201 1074 5261 scribendi
1095 5205 1200 5263 vitium
1222 5213 1368 5282 appareat
1392 5213 1585 5264 monumenta
1611 5203 1731 5282 publica
