3750 5990
415 563 488 636 256
962 583 1190 634 rnucrsuvs.

413 749 471 814 ἆπδ
493 755 544 825 τοῖς
563 745 671 812 Ἰωνιάς
692 741 801 814 τούτοις
822 755 879 814 τοῖς
900 745 997 814 τύποις
1018 743 1192 836 impie-nvnc.
1233 743 1423 812 Ἀπολλώνιος
1444 742 1475 809 δὲ
1496 748 1509 810 o‘
1531 745 1698 824 Μεσσήνιος
1717 752 1744 812 ἓν

412 857 455 932 τῷ
468 845 528 938 περὶ
543 846 674 937 ἀρχαίων
689 844 865 937 γραμμάτων
880 846 956 930 ppei
973 876 1050 914 τινας
1062 845 1155 930 λέγειν
1176 845 1217 911 ἔτι
1232 843 1416 937 Πυθαγὸραο
1436 849 1530 910 niuniu
1547 855 1604 912 τοῦ
1617 846 1744 916 κάλλους

412 945 593 1024 ἐπεμελήθη,
617 951 649 1012 in
669 957 720 1024 τῆς
743 949 819 1012 κατὰ
841 947 1013 1038 «γεωμετρίαν
1039 956 1172 1036 γραμμῆς
1194 946 1343 1035 ῥυὲμῖσαο
1363 948 1439 1011 αὐτὰ
1460 945 1575 1030 γωνίαις
1597 944 1651 1013 καὶ
1673 978 1744 1039 περι-

411 1047 537 1138 φερείαις
556 1045 605 1112 καὶ
626 1047 763 1118 εὐθείαις.
806 1055 917 1114 Extitit
937 1063 1036 1114 sutem
1061 1056 1151 1114 etiem
1177 1054 1255 1114 inter
1275 1055 1369 1114 Italos
1390 1055 1473 1114 illius
1494 1054 1604 1115 notetis
1628 1073 1744 1132 queen

411 1156 639 1217 renascentibus
666 1156 775 1215 litteris
803 1174 912 1216 nomen
936 1156 1037 1227 duxit,
1065 1157 1117 1232 qui
1143 1163 1213 1215 aute
1234 1155 1347 1214 Lucem
1369 1155 1547 1216 Paciuolum
1571 1157 1741 1216 litterarum

411 1259 524 1336 figures
551 1258 589 1316 nd
616 1257 786 1334 exemplum
815 1257 1003 1333 antiquorum
1030 1255 1185 1314 titulorum
1208 1256 1366 1316 emendare
1390 1263 1421 1315 et
1441 1256 1479 1315 nd
1501 1265 1601 1316 certas
1624 1259 1741 1336 regulus

410 1377 552 1418 revocare
573 1358 715 1430 studeret,
738 1357 853 1416 scilicet
873 1356 964 1415 Felix
985 1356 1157 1416 Felicinnus
1180 1357 1378 1429 Veronensis3
1403 1357 1441 1419 de
1462 1359 1548 1418 cuius
1570 1359 1684 1418 studiis
1705 1359 1740 1416 ed

409 1460 621 1537 inscriptiones
642 1460 783 1534 antiques
798 1451 951 1516 conve'rsis
973 1459 1129 1534 superiore
1150 1459 1270 1518 sacculo
1284 1458 1423 1518 Mnffeius
1439 1458 1574 1534 (Verona
1587 1460 1742 1520 illustrato

409 1559 444 1619 11
465 1579 494 1636 p.
511 1559 549 1620 98
572 1578 617 1636 sq.
640 1560 686 1618 ed.
712 1557 805 1634 1⁷81)
828 1568 858 1618 et
872 1558 1089 1618 Tirnboschius
1105 1557 1224 1635 (Storiu
1239 1561 1317 1618 della
1332 1560 1387 1618 lctt.
1402 1559 1471 1619 Ital.
1485 1559 1531 1619 VI
1547 1561 1560 1618 l
1579 1581 1610 1638 p.
1631 1561 1739 1638 181sq.

409 1659 457 1720 ed.
483 1659 588 1737 Rom.)
621 1660 775 1730 dixerunt,
806 1677 903 1736 nuper
934 1658 1095 1720 Henzeuus
1120 1658 1309 1734 (Monotsbcr.
1342 1661 1394 1719 der
1419 1659 1500 1718 Berl.
1526 1660 1630 1721 Aean
1663 1661 1738 1720 1868
1825 1713 1826 1730 ,

408 1780 438 1838 p.
467 1759 540 1837 382)
566 1768 597 1820 et
621 1761 827 1820 Mommsenns
858 1760 890 1818 iu
921 1759 1157 1836 praefationibus
1188 1761 1386 1836 complurium
1421 1761 1552 1838 cupitum
1581 1763 1738 1822 voluminis

408 1863 504 1941 quinti
519 1861 663 1942 Corporis
681 1861 908 1940 inscriptionum
921 1861 1081 1921 lstiuerum
1101 1869 1315 1938 exposuerunt.
1348 1859 1441 1921 Cuius
1456 1861 1607 1923 Felicieui
1622 1863 1737 1923 libellus

534 2129 563 2185 Α
976 2044 1176 2122 [Feliciones]
1216 2103 1218 2108 .

492 2279 587 2344 Suole
608 2281 733 2340 luseuze
754 2282 877 2358 entique
902 2301 1009 2342 cauere
1034 2281 1067 2340 le
1086 2281 1186 2340 littere
1206 2281 1237 2339 di
1258 2282 1350 2341 tonde
1371 2301 1389 2340 c
1410 2282 1541 2359 quadro,
1570 2285 1602 2345 lc
1624 2304 1734 2346 summu

407 2384 446 2444 ds
471 2383 500 2443 lo
525 2381 598 2460 quel
624 2381 720 2440 forms
741 2380 870 2440 escendo
890 2383 920 2440 ul
939 2401 1064 2442 numero
1078 2382 1149 2454 LII,
1171 2382 1219 2440 del
1240 2383 1311 2459 quel
1337 2384 1364 2442 si
1383 2401 1460 2443 caue
1479 2385 1502 2443 il
1523 2405 1650 2447 numero
1671 2407 1733 2466 pcr-

406 2485 520 2562 tect01)
547 2483 602 2543 che
627 2499 644 2541 o
666 2481 728 2541 .X.
751 2499 768 2567 c
790 2483 871 2542 cossi
892 2483 943 2541 uol
964 2499 1049 2542 esser
1068 2483 1101 2541 le
1120 2492 1172 2542 tue
1192 2483 1294 2542 litters
1314 2501 1423 2562 grosso
1448 2485 1480 2544 ln
1498 2485 1550 2544 X⁸.
1572 2499 1662 2566 perte
1688 2489 1732 2548 de·

406 2587 517 2646 lelteze
543 2593 574 2644 et
598 2601 653 2662 per
679 2589 786 2659 questo
813 2583 902 2642 modo
924 2583 1034 2642 benere
1059 2590 1143 2642 tento
1169 2583 1218 2642 dcl
1240 2585 1332 2643 tondo
1358 2595 1470 2662 quanto
1495 2586 1544 2646 del
1569 2591 1687 2666 quadro
1706 2600 1733 2649 et

407 2687 485 2748 uolsi
517 2689 641 2746 censere
672 2685 704 2744 ln
732 2685 937 2762 suprascripta
963 2685 1066 2743 littere
1090 2684 1167 2743 douc
1193 2685 1219 2744 si
1245 2686 1377 2764 tagliano
1403 2687 1432 2745 le
1460 2687 1532 2747 linis
1558 2703 1641 2754 .÷.
1670 2691 1731 2752 cols

342 2843 352 2860 ,
406 2787 648 2860 circoniereutis3
675 2793 706 2845 et
731 2794 838 2861 questo
861 2805 878 2844 e
900 2793 1012 2862 quanto
1033 2803 1088 2860 per
1109 2787 1222 2844 misurn
1242 2785 1272 2844 io
1295 2786 1395 2845 Felice
1416 2787 1598 2868 Felic[inuo]
1621 2792 1730 2869 h[ubi]n

405 2889 486 2947 uelle
512 2889 633 2964 entique
658 2895 810 2945 conectere
835 2885 980 2944 ritrounto
1005 2904 1061 2963 per
1085 2886 1176 2946 molto
1197 2887 1292 2966 pietro
1313 2892 1580 2960 marmoree,cosei
1606 2893 1729 2955 uoleimu

405 2987 504 3048 Rome
523 2993 636 3066 quanto
658 2985 739 3064 negli
759 2985 828 3045 altri
851 2984 957 3082 [sitii].

529 3159 553 3216 B

487 3309 534 3369 Le
553 3309 655 3369 littero
675 3327 766 3386 sopra
786 3309 899 3387 scripte
921 3311 1000 3383 uole,
1022 3331 1107 3371 come
1127 3331 1144 3371 e
1165 3313 1255 3385 dicto,
1278 3333 1362 3374 esser
1382 3335 1491 3394 grosse
1510 3319 1542 3377 le
1563 3320 1617 3381 X⁸.
1636 3331 1725 3400 purte,

403 3422 435 3472 et
455 3431 495 3470 uu
508 3411 560 3489 piu
582 3409 683 3487 amplo
704 3410 733 3470 el
752 3427 845 3486 corpo
866 3410 1006 3471 inferiore
1024 3431 1083 3470 uuo
1099 3413 1213 3473 decimo
1235 3417 1289 3474 ohe
1308 3417 1408 3493 quello
1431 3421 1599 3498 superiore3
1622 3443 1639 3482 e
1660 3433 1727 3483 uoto

402 3512 558 3589 ingrosser
582 3511 614 3568 lo
639 3509 719 3590 dicte
744 3510 845 3568 littere
872 3511 976 3570 deutro
1001 3531 1019 3573 e
1045 3513 1075 3572 di
1100 3513 1190 3574 fuorn
1214 3533 1268 3592 per
1294 3517 1417 3591 mitade,
1446 3540 1464 3580 e
1487 3530 1595 3598 questo
1617 3533 1723 3602 quuuto

403 3611 516 3686 aspecti
538 3629 558 3669 n
578 3609 646 3669 suoi
666 3611 751 3686 corpi
771 3611 864 3672 tondi.

528 3779 556 3840 C

485 3937 580 4016 Seppi
600 3937 632 3996 le
644 3944 784 4016 presente
803 3938 905 3999 littero
924 3959 986 4000 uon
1000 3959 1106 4017 passer
1126 3943 1157 4002 di
1171 3961 1314 4022 grosseze
1327 3945 1442 4006 lordine
1464 3947 1502 4008 de
1514 3948 1603 4011 leltre
1616 3951 1721 4022 littere,

399 4041 465 4100 cioe
486 4059 546 4099 uuo
568 4039 697 4112 decimo,
725 4047 756 4099 et
779 4039 918 4118 ingrosse
943 4041 1048 4101 deutro
1070 4062 1087 4102 e
1108 4043 1140 4102 di
1160 4044 1245 4104 iuore
1265 4045 1296 4104 le
1316 4063 1372 4106 sue
1392 4047 1622 4111 circouiereutiu
1640 4069 1722 4113 come

403 4149 436 4200 tu
457 4139 539 4214 uedi,
567 4160 605 4200 ue
627 4139 678 4198 uol
696 4155 805 4217 passer
830 4140 860 4199 le
885 4158 938 4202 sue
958 4149 1035 4202 teste
1056 4143 1135 4203 doue
1161 4145 1187 4202 si
1209 4164 1279 4204 cres
1297 4145 1329 4204 le
1349 4146 1425 4207 linio
1443 4149 1500 4209 che
1519 4151 1547 4210 si
1568 4152 1661 4230 taglie
1680 4151 1723 4213 col

397 4240 497 4300 tondo'
512 4249 543 4300 et
563 4240 689 4318 quadro,
711 4242 797 4301 seluo
819 4241 875 4302 che
895 4242 996 4318 quelle
1017 4243 1048 4302 di
1069 4251 1149 4304 sotto
1170 4262 1264 4324 pesse
1283 4245 1337 4324 piu
1357 4247 1443 4322 ultre,
1464 4267 1549 4311 come
1569 4260 1603 4313 tu
1623 4254 1699 4314 uedi.

475 4499 499 4560 ¹)
524 4499 567 4549 De
589 4513 696 4551 numero
718 4501 834 4564 perfecto
861 4503 925 4555 haec
949 4507 1081 4558 Vitruvius
1099 4507 1142 4559 111
1163 4511 1187 4572 1,
1207 4509 1237 4561 δε
1258 4524 1303 4563 nec
1324 4513 1405 4563 minus
1422 4493 1592 4566 nemorum
1609 4517 1718 4569 rationes

397 4603 461 4658 punc
478 4589 506 4638 in
524 4587 635 4640 omacius
652 4587 770 4656 operibns
786 4591 903 4644 videntur
920 4598 1077 4648 necessariae
1095 4613 1155 4660 esse,
1180 4615 1212 4651 ee·
1235 4603 1351 4670 corporis
1368 4603 1483 4656 mmtn's
1500 4605 1659 4674 collepernnt,
1684 4608 1720 4658 uti

397 4678 504 4747 diqitnm
515 4677 628 4747 palmum
640 4678 731 4747 pedem
748 4680 867 4746 cubitem,
891 4691 916 4736 et
933 4701 978 4738 ecs
995 4685 1177 4742 distribuerunt
1200 4693 1228 4742 iu
1241 4693 1379 4760 perfectum
1397 4711 1521 4748 numm
1539 4713 1609 4765 quem
1628 4697 1719 4752 Graeci

395 4766 494 4823 τίλιτον
511 4769 611 4826 denne
628 4770 767 4842 perfector
784 4781 866 4828 anem
883 4779 984 4847 ortoque·
1000 4780 1300 4837 incommutatum
1318 4787 1363 4854 qni
1379 4785 1461 4840 ἀοοιοο
1479 4787 1582 4842 dtet'tnr.
