<?xml version="1.0" encoding="UTF-8"?>
<!DOCTYPE html PUBLIC "-//W3C//DTD XHTML 1.0 Transitional//EN"
    "http://www.w3.org/TR/xhtml1/DTD/xhtml1-transitional.dtd">
<html xmlns="http://www.w3.org/1999/xhtml" xml:lang="en" lang="en">
 <head>
  <title>
</title>
<meta http-equiv="Content-Type" content="text/html;charset=utf-8" />
  <meta name='ocr-system' content='tesseract 3.04.00' />
  <meta name='ocr-capabilities' content='ocr_page ocr_carea ocr_par ocr_line ocrx_word'/>
</head>
<body>
  <div class='ocr_page' id='page_1' title='image "./ephemerisepigra01henzgoog_0252.png"; bbox 0 0 3826 5962; ppageno 0'>
   <div class='ocr_carea' id='block_1_1' title="bbox 178 1385 1503 1773">
    <p class='ocr_par' dir='ltr' id='par_1_1' title="bbox 178 1385 1503 1773">
     <span class='ocr_line' id='line_1_1' title="bbox 178 1385 1503 1612; baseline 0.008 -59"><span class='ocrx_word' id='word_1_1' title='bbox 178 1443 261 1612; x_wconf 84' lang='lat' dir='ltr'><strong>uu</strong></span> <span class='ocrx_word' id='word_1_2' title='bbox 301 1440 516 1556; x_wconf 78' lang='lat' dir='ltr'><strong>alama</strong></span> <span class='ocrx_word' id='word_1_3' title='bbox 555 1385 918 1562; x_wconf 76' lang='lat' dir='ltr'><strong>cunvauuu</strong></span> <span class='ocrx_word' id='word_1_4' title='bbox 952 1447 1023 1561; x_wconf 80' lang='lat' dir='ltr'><strong>ru</strong></span> <span class='ocrx_word' id='word_1_5' title='bbox 1057 1447 1503 1565; x_wconf 74' lang='lat' dir='ltr'><strong>manuninum</strong></span> 
     </span>
     <span class='ocr_line' id='line_1_2' title="bbox 233 1614 1449 1773; baseline 0.007 -48"><span class='ocrx_word' id='word_1_6' title='bbox 233 1614 538 1728; x_wconf 73' lang='lat' dir='ltr'><strong>selueru</strong></span> <span class='ocrx_word' id='word_1_7' title='bbox 575 1615 909 1730; x_wconf 73' lang='lat' dir='ltr'><strong>numum</strong></span> <span class='ocrx_word' id='word_1_8' title='bbox 945 1616 1449 1773; x_wconf 72' lang='lat' dir='ltr'><strong>communesne.</strong></span> 
     </span>
    </p>
   </div>
   <div class='ocr_carea' id='block_1_2' title="bbox 736 1913 944 1928">
    <p class='ocr_par' dir='ltr' id='par_1_2' title="bbox 736 1913 944 1928">
     <span class='ocr_line' id='line_1_3' title="bbox 736 1913 944 1928; baseline 0 -4"><span class='ocrx_word' id='word_1_9' title='bbox 736 1913 944 1928; x_wconf 58' lang='lat' dir='ltr'><strong>«a--n—-q</strong></span> 
     </span>
    </p>
   </div>
   <div class='ocr_carea' id='block_1_3' title="bbox 176 2102 1507 2888">
    <p class='ocr_par' dir='ltr' id='par_1_3' title="bbox 176 2102 1507 2888">
     <span class='ocr_line' id='line_1_4' title="bbox 262 2102 1507 2186; baseline 0.006 -24"><span class='ocrx_word' id='word_1_10' title='bbox 262 2102 393 2162; x_wconf 82' lang='lat' dir='ltr'><strong>Aedium</strong></span> <span class='ocrx_word' id='word_1_11' title='bbox 419 2120 573 2163; x_wconf 88' lang='lat' dir='ltr'><strong>sacrarum</strong></span> <span class='ocrx_word' id='word_1_12' title='bbox 600 2105 683 2164; x_wconf 87' lang='lat' dir='ltr'><strong>urbis</strong></span> <span class='ocrx_word' id='word_1_13' title='bbox 709 2105 826 2166; x_wconf 88' lang='lat' dir='ltr'><strong>Romae</strong></span> <span class='ocrx_word' id='word_1_14' title='bbox 857 2107 1026 2184; x_wconf 74' lang='lat' dir='ltr'><strong>catalogum</strong></span> <span class='ocrx_word' id='word_1_15' title='bbox 1052 2127 1091 2166; x_wconf 89' lang='lat' dir='ltr'><strong>ex</strong></span> <span class='ocrx_word' id='word_1_16' title='bbox 1117 2107 1264 2168; x_wconf 85' lang='lat' dir='ltr'><strong>fastorum</strong></span> <span class='ocrx_word' id='word_1_17' title='bbox 1295 2108 1507 2186; x_wconf 88' lang='lat' dir='ltr'><strong>annaliumque</strong></span> 
     </span>
     <span class='ocr_line' id='line_1_5' title="bbox 178 2202 1507 2289; baseline 0.007 -27"><span class='ocrx_word' id='word_1_18' title='bbox 178 2202 370 2280; x_wconf 78' lang='lat' dir='ltr'><strong>potissimum</strong></span> <span class='ocrx_word' id='word_1_19' title='bbox 391 2204 526 2280; x_wconf 84' lang='lat' dir='ltr'><strong>reliquiis</strong></span> <span class='ocrx_word' id='word_1_20' title='bbox 548 2223 760 2284; x_wconf 87' lang='lat' dir='ltr'><strong>recomponere</strong></span> <span class='ocrx_word' id='word_1_21' title='bbox 780 2207 840 2266; x_wconf 88' lang='lat' dir='ltr'><strong>nisi</strong></span> <span class='ocrx_word' id='word_1_22' title='bbox 865 2208 1044 2286; x_wconf 80' lang='lat' dir='ltr'>topographi</span> <span class='ocrx_word' id='word_1_23' title='bbox 1069 2208 1282 2284; x_wconf 77' lang='lat' dir='ltr'><strong>neglexissent,</strong></span> <span class='ocrx_word' id='word_1_24' title='bbox 1308 2215 1342 2268; x_wconf 85' lang='lat' dir='ltr'><strong>ut</strong></span> <span class='ocrx_word' id='word_1_25' title='bbox 1366 2211 1507 2289; x_wconf 86' lang='lat' dir='ltr'><strong>neglexe-</strong></span> 
     </span>
     <span class='ocr_line' id='line_1_6' title="bbox 178 2305 1507 2386; baseline 0.008 -24"><span class='ocrx_word' id='word_1_26' title='bbox 178 2317 247 2363; x_wconf 88' lang='lat' dir='ltr'><strong>rant</strong></span> <span class='ocrx_word' id='word_1_27' title='bbox 272 2305 394 2364; x_wconf 87' lang='lat' dir='ltr'><strong>nomina</strong></span> <span class='ocrx_word' id='word_1_28' title='bbox 419 2305 568 2379; x_wconf 86' lang='lat' dir='ltr'><strong>vicorum,</strong></span> <span class='ocrx_word' id='word_1_29' title='bbox 605 2316 725 2366; x_wconf 88' lang='lat' dir='ltr'><strong>cautum</strong></span> <span class='ocrx_word' id='word_1_30' title='bbox 757 2317 838 2366; x_wconf 87' lang='lat' dir='ltr'><strong>esset</strong></span> <span class='ocrx_word' id='word_1_31' title='bbox 868 2328 907 2368; x_wconf 89' lang='lat' dir='ltr'><strong>ne</strong></span> <span class='ocrx_word' id='word_1_32' title='bbox 945 2309 1054 2386; x_wconf 84' lang='lat' dir='ltr'><strong>quibua</strong></span> <span class='ocrx_word' id='word_1_33' title='bbox 1088 2309 1175 2385; x_wconf 86' lang='lat' dir='ltr'><strong>quasi</strong></span> <span class='ocrx_word' id='word_1_34' title='bbox 1206 2310 1236 2368; x_wconf 93' lang='lat' dir='ltr'><strong>in</strong></span> <span class='ocrx_word' id='word_1_35' title='bbox 1264 2319 1438 2372; x_wconf 82' lang='lat' dir='ltr'><strong>transcursu</strong></span> <span class='ocrx_word' id='word_1_36' title='bbox 1470 2311 1507 2372; x_wconf 87' lang='lat' dir='ltr'><strong>de</strong></span> 
     </span>
     <span class='ocr_line' id='line_1_7' title="bbox 177 2405 1507 2488; baseline 0.003 -22"><span class='ocrx_word' id='word_1_37' title='bbox 177 2405 305 2484; x_wconf 78' lang='lat' dir='ltr'><strong>singulis</strong></span> <span class='ocrx_word' id='word_1_38' title='bbox 333 2406 481 2482; x_wconf 88' lang='lat' dir='ltr'><strong>agendum</strong></span> <span class='ocrx_word' id='word_1_39' title='bbox 508 2419 555 2466; x_wconf 80' lang='lat' dir='ltr'><strong>eat</strong></span> <span class='ocrx_word' id='word_1_40' title='bbox 579 2408 688 2466; x_wconf 87' lang='lat' dir='ltr'><strong>iterum</strong></span> <span class='ocrx_word' id='word_1_41' title='bbox 712 2409 881 2485; x_wconf 78' lang='lat' dir='ltr'><strong>iterumque</strong></span> <span class='ocrx_word' id='word_1_42' title='bbox 905 2409 936 2468; x_wconf 92' lang='lat' dir='ltr'><strong>in</strong></span> <span class='ocrx_word' id='word_1_43' title='bbox 962 2426 1079 2468; x_wconf 85' lang='lat' dir='ltr'><strong>errores</strong></span> <span class='ocrx_word' id='word_1_44' title='bbox 1100 2409 1287 2469; x_wconf 87' lang='lat' dir='ltr'><strong>inducantur.</strong></span> <span class='ocrx_word' id='word_1_45' title='bbox 1330 2411 1432 2470; x_wconf 84' lang='lat' dir='ltr'><strong>Veluti</strong></span> <span class='ocrx_word' id='word_1_46' title='bbox 1454 2411 1507 2488; x_wconf 89' lang='lat' dir='ltr'><strong>qui</strong></span> 
     </span>
     <span class='ocr_line' id='line_1_8' title="bbox 176 2507 1507 2588; baseline 0.005 -24"><span class='ocrx_word' id='word_1_47' title='bbox 176 2525 273 2584; x_wconf 89' lang='lat' dir='ltr'><strong>nuper</strong></span> <span class='ocrx_word' id='word_1_48' title='bbox 293 2507 489 2586; x_wconf 87' lang='lat' dir='ltr'><strong>hemerologii</strong></span> <span class='ocrx_word' id='word_1_49' title='bbox 505 2509 662 2568; x_wconf 80' lang='lat' dir='ltr'><strong>Arvalium</strong></span> <span class='ocrx_word' id='word_1_50' title='bbox 684 2509 827 2586; x_wconf 87' lang='lat' dir='ltr'><strong>reliquias</strong></span> <span class='ocrx_word' id='word_1_51' title='bbox 842 2519 1053 2569; x_wconf 74' lang='lat' dir='ltr'><strong>enarraverunt</strong></span> <span class='ocrx_word' id='word_1_52' title='bbox 1067 2508 1228 2569; x_wconf 86' lang='lat' dir='ltr'><strong>Heuzenus</strong></span> <span class='ocrx_word' id='word_1_53' title='bbox 1251 2508 1355 2584; x_wconf 80' lang='lat' dir='ltr'><strong>(Serrai</strong></span> <span class='ocrx_word' id='word_1_54' title='bbox 1368 2528 1397 2585; x_wconf 92' lang='lat' dir='ltr'><strong>p.</strong></span> <span class='ocrx_word' id='word_1_55' title='bbox 1411 2511 1449 2570; x_wconf 87' lang='lat'><strong>88</strong></span> <span class='ocrx_word' id='word_1_56' title='bbox 1466 2511 1507 2588; x_wconf 84' lang='lat' dir='ltr'><strong>s.)</strong></span> 
     </span>
     <span class='ocr_line' id='line_1_9' title="bbox 177 2606 1506 2685; baseline 0.002 -19"><span class='ocrx_word' id='word_1_57' title='bbox 177 2617 207 2666; x_wconf 88' lang='lat' dir='ltr'><strong>et</strong></span> <span class='ocrx_word' id='word_1_58' title='bbox 227 2606 430 2666; x_wconf 82' lang='lat' dir='ltr'><strong>Mommsenus</strong></span> <span class='ocrx_word' id='word_1_59' title='bbox 458 2607 549 2684; x_wconf 73' lang='lat' dir='ltr'><strong>(Epir.</strong></span> <span class='ocrx_word' id='word_1_60' title='bbox 567 2609 594 2682; x_wconf 90' lang='lat'><strong>1,</strong></span> <span class='ocrx_word' id='word_1_61' title='bbox 618 2609 656 2668; x_wconf 87' lang='lat'><strong>36</strong></span> <span class='ocrx_word' id='word_1_62' title='bbox 676 2610 716 2685; x_wconf 86' lang='lat' dir='ltr'><strong>s.)</strong></span> <span class='ocrx_word' id='word_1_63' title='bbox 744 2628 804 2668; x_wconf 91' lang='lat' dir='ltr'><strong>uon</strong></span> <span class='ocrx_word' id='word_1_64' title='bbox 830 2611 937 2669; x_wconf 89' lang='lat' dir='ltr'><strong>mirum</strong></span> <span class='ocrx_word' id='word_1_65' title='bbox 964 2619 1011 2667; x_wconf 86' lang='lat' dir='ltr'><strong>est</strong></span> <span class='ocrx_word' id='word_1_66' title='bbox 1036 2609 1118 2685; x_wconf 84' lang='lat' dir='ltr'><strong>qnod</strong></span> <span class='ocrx_word' id='word_1_67' title='bbox 1140 2608 1217 2685; x_wconf 86' lang='lat' dir='ltr'><strong>Opis</strong></span> <span class='ocrx_word' id='word_1_68' title='bbox 1243 2607 1377 2684; x_wconf 79' lang='lat' dir='ltr'><strong>opiferae</strong></span> <span class='ocrx_word' id='word_1_69' title='bbox 1398 2627 1506 2668; x_wconf 88' lang='lat' dir='ltr'><strong>nomeu</strong></span> 
     </span>
     <span class='ocr_line' id='line_1_10' title="bbox 177 2707 1506 2788; baseline 0.002 -23"><span class='ocrx_word' id='word_1_70' title='bbox 177 2707 219 2766; x_wconf 89' lang='lat' dir='ltr'><strong>ibi</strong></span> <span class='ocrx_word' id='word_1_71' title='bbox 239 2726 349 2766; x_wconf 88' lang='lat' dir='ltr'><strong>novum</strong></span> <span class='ocrx_word' id='word_1_72' title='bbox 371 2726 542 2784; x_wconf 88' lang='lat' dir='ltr'><strong>comparere</strong></span> <span class='ocrx_word' id='word_1_73' title='bbox 563 2709 718 2769; x_wconf 74' lang='lat' dir='ltr'><strong>dixeruntc</strong></span> <span class='ocrx_word' id='word_1_74' title='bbox 740 2711 875 2788; x_wconf 89' lang='lat' dir='ltr'><strong>neglecta</strong></span> <span class='ocrx_word' id='word_1_75' title='bbox 890 2710 968 2768; x_wconf 90' lang='lat' dir='ltr'><strong>enim</strong></span> <span class='ocrx_word' id='word_1_76' title='bbox 984 2709 1201 2784; x_wconf 80' lang='lat' dir='ltr'><strong>obscurataque</strong></span> <span class='ocrx_word' id='word_1_77' title='bbox 1215 2708 1314 2768; x_wconf 86' lang='lat' dir='ltr'><strong>iacent</strong></span> <span class='ocrx_word' id='word_1_78' title='bbox 1328 2710 1506 2784; x_wconf 85' lang='lat' dir='ltr'><strong>scriptorum</strong></span> 
     </span>
     <span class='ocr_line' id='line_1_11' title="bbox 177 2807 1505 2888; baseline 0.002 -22"><span class='ocrx_word' id='word_1_79' title='bbox 177 2807 229 2883; x_wconf 91' lang='lat' dir='ltr'><strong>qui</strong></span> <span class='ocrx_word' id='word_1_80' title='bbox 261 2827 327 2867; x_wconf 88' lang='lat' dir='ltr'><strong>eam</strong></span> <span class='ocrx_word' id='word_1_81' title='bbox 359 2818 667 2868; x_wconf 82' lang='lat' dir='ltr'><strong>commemoraverunt</strong></span> <span class='ocrx_word' id='word_1_82' title='bbox 698 2811 799 2869; x_wconf 84' lang='lat' dir='ltr'><strong>verba.</strong></span> <span class='ocrx_word' id='word_1_83' title='bbox 843 2811 934 2870; x_wconf 86' lang='lat' dir='ltr'><strong>habet</strong></span> <span class='ocrx_word' id='word_1_84' title='bbox 964 2817 1063 2867; x_wconf 88' lang='lat' dir='ltr'><strong>autem</strong></span> <span class='ocrx_word' id='word_1_85' title='bbox 1095 2809 1328 2888; x_wconf 88' lang='lat' dir='ltr'><strong>hemerologium</strong></span> <span class='ocrx_word' id='word_1_86' title='bbox 1360 2809 1436 2868; x_wconf 83' lang='lat' dir='ltr'><strong>illud</strong></span> <span class='ocrx_word' id='word_1_87' title='bbox 1468 2809 1505 2868; x_wconf 88' lang='lat' dir='ltr'><strong>ad</strong></span> 
     </span>
    </p>
   </div>
   <div class='ocr_carea' id='block_1_4' title="bbox 176 2906 477 2985">
    <p class='ocr_par' dir='ltr' id='par_1_4' title="bbox 176 2906 477 2985">
     <span class='ocr_line' id='line_1_12' title="bbox 176 2906 477 2985; baseline -0.007 -17"><span class='ocrx_word' id='word_1_88' title='bbox 176 2909 204 2968; x_wconf 84' lang='lat' dir='ltr'><strong>d.</strong></span> <span class='ocrx_word' id='word_1_89' title='bbox 228 2906 266 2968; x_wconf 76' lang='lat'><strong>23</strong></span> <span class='ocrx_word' id='word_1_90' title='bbox 288 2912 367 2985; x_wconf 84' lang='lat' dir='ltr'><strong>Aug.</strong></span> <span class='ocrx_word' id='word_1_91' title='bbox 390 2909 477 2968; x_wconf 84' lang='lat' dir='ltr'><strong>talia:</strong></span> 
     </span>
    </p>
   </div>
   <div class='ocr_carea' id='block_1_5' title="bbox 177 3003 1343 3445">
    <p class='ocr_par' dir='ltr' id='par_1_5' title="bbox 177 3003 1343 3445">
     <span class='ocr_line' id='line_1_13' title="bbox 177 3003 1318 3150; baseline -0.002 -10"><span class='ocrx_word' id='word_1_92' title='bbox 177 3061 338 3140; x_wconf 67' lang='lat' dir='ltr'><strong>Aua-2³0</strong></span> <span class='ocrx_word' id='word_1_93' title='bbox 860 3003 1318 3150; x_wconf 68' lang='lat' dir='ltr'><strong>N³voucuu0</strong></span> 
     </span>
     <span class='ocr_line' id='line_1_14' title="bbox 342 3181 1343 3258; baseline 0.004 -18"><span class='ocrx_word' id='word_1_94' title='bbox 342 3186 373 3240; x_wconf 82' lang='lat' dir='ltr'><strong>io</strong></span> <span class='ocrx_word' id='word_1_95' title='bbox 387 3188 460 3242; x_wconf 80' lang='lat' dir='ltr'><strong>circa</strong></span> <span class='ocrx_word' id='word_1_96' title='bbox 467 3183 564 3244; x_wconf 83' lang='lat' dir='ltr'><strong>Flam.</strong></span> <span class='ocrx_word' id='word_1_97' title='bbox 570 3183 709 3244; x_wconf 74' lang='lat' dir='ltr'><strong>iratumne</strong></span> <span class='ocrx_word' id='word_1_98' title='bbox 723 3191 749 3241; x_wconf 91' lang='lat' dir='ltr'><strong>et</strong></span> <span class='ocrx_word' id='word_1_99' title='bbox 763 3181 1343 3258; x_wconf 63' lang='lat' dir='ltr'><strong>eympfflsutu·cumr-ormnem</strong></span> 
     </span>
     <span class='ocr_line' id='line_1_15' title="bbox 307 3281 1341 3358; baseline 0 -16"><span class='ocrx_word' id='word_1_100' title='bbox 307 3283 383 3342; x_wconf 79' lang='lat' dir='ltr'><strong>‚ad</strong></span> <span class='ocrx_word' id='word_1_101' title='bbox 446 3285 539 3345; x_wconf 83' lang='lat' dir='ltr'><strong>lacum</strong></span> <span class='ocrx_word' id='word_1_102' title='bbox 602 3281 773 3356; x_wconf 72' lang='lat' dir='ltr'><strong>suamet,</strong></span> <span class='ocrx_word' id='word_1_103' title='bbox 848 3282 1341 3358; x_wconf 72' lang='lat' dir='ltr'><strong>Qun-ln·couun·voi.1&lt;</strong></span> 
     </span>
     <span class='ocr_line' id='line_1_16' title="bbox 343 3383 988 3445; baseline 0.005 -3"><span class='ocrx_word' id='word_1_104' title='bbox 343 3427 350 3442; x_wconf 95' lang='lat'><strong>.</strong></span> <span class='ocrx_word' id='word_1_105' title='bbox 395 3403 416 3444; x_wconf 92' lang='lat'><strong>.·</strong></span> <span class='ocrx_word' id='word_1_106' title='bbox 448 3417 715 3445; x_wconf 60' lang='grc'><strong><em>......</em></strong></span> <span class='ocrx_word' id='word_1_107' title='bbox 773 3387 803 3442; x_wconf 83' lang='lat' dir='ltr'><strong>in</strong></span> <span class='ocrx_word' id='word_1_108' title='bbox 847 3383 988 3445; x_wconf 87' lang='lat' dir='ltr'><strong>COMlT</strong></span> 
     </span>
    </p>
   </div>
   <div class='ocr_carea' id='block_1_6' title="bbox 167 3538 1572 5124">
    <p class='ocr_par' dir='ltr' id='par_1_6' title="bbox 167 3538 1572 5124">
     <span class='ocr_line' id='line_1_17' title="bbox 173 3538 1503 3616; baseline -0.001 -14"><span class='ocrx_word' id='word_1_109' title='bbox 173 3540 310 3602; x_wconf 89' lang='lat' dir='ltr'><strong>Primum</strong></span> <span class='ocrx_word' id='word_1_110' title='bbox 331 3539 422 3616; x_wconf 87' lang='lat' dir='ltr'><strong>igitur</strong></span> <span class='ocrx_word' id='word_1_111' title='bbox 443 3539 480 3598; x_wconf 86' lang='lat' dir='ltr'><strong>de</strong></span> <span class='ocrx_word' id='word_1_112' title='bbox 500 3538 576 3616; x_wconf 90' lang='lat' dir='ltr'><strong>Opis</strong></span> <span class='ocrx_word' id='word_1_113' title='bbox 604 3538 737 3615; x_wconf 76' lang='lat' dir='ltr'><strong>opiferae</strong></span> <span class='ocrx_word' id='word_1_114' title='bbox 759 3548 789 3596; x_wconf 92' lang='lat' dir='ltr'><strong>et</strong></span> <span class='ocrx_word' id='word_1_115' title='bbox 810 3539 929 3600; x_wconf 89' lang='lat' dir='ltr'><strong>nomine</strong></span> <span class='ocrx_word' id='word_1_116' title='bbox 950 3547 980 3599; x_wconf 88' lang='lat' dir='ltr'><strong>et</strong></span> <span class='ocrx_word' id='word_1_117' title='bbox 1001 3540 1075 3600; x_wconf 87' lang='lat' dir='ltr'><strong>aede</strong></span> <span class='ocrx_word' id='word_1_118' title='bbox 1095 3539 1278 3598; x_wconf 87' lang='lat' dir='ltr'><strong>luculentum</strong></span> <span class='ocrx_word' id='word_1_119' title='bbox 1300 3539 1503 3601; x_wconf 83' lang='lat' dir='ltr'><strong>testimonium</strong></span> 
     </span>
     <span class='ocr_line' id='line_1_18' title="bbox 175 3639 1504 3718; baseline 0.001 -17"><span class='ocrx_word' id='word_1_120' title='bbox 175 3643 246 3701; x_wconf 90' lang='lat' dir='ltr'><strong>olim</strong></span> <span class='ocrx_word' id='word_1_121' title='bbox 262 3641 385 3699; x_wconf 80' lang='lat' dir='ltr'><strong>extabat</strong></span> <span class='ocrx_word' id='word_1_122' title='bbox 406 3639 437 3697; x_wconf 90' lang='lat' dir='ltr'><strong>in</strong></span> <span class='ocrx_word' id='word_1_123' title='bbox 460 3639 642 3698; x_wconf 85' lang='lat' dir='ltr'><strong>editionibus</strong></span> <span class='ocrx_word' id='word_1_124' title='bbox 656 3640 749 3699; x_wconf 90' lang='lat' dir='ltr'><strong>Plinii</strong></span> <span class='ocrx_word' id='word_1_125' title='bbox 771 3649 830 3698; x_wconf 83' lang='lat' dir='ltr'><strong>nat</strong></span> <span class='ocrx_word' id='word_1_126' title='bbox 846 3641 917 3698; x_wconf 90' lang='lat' dir='ltr'><strong>hist.</strong></span> <span class='ocrx_word' id='word_1_127' title='bbox 935 3641 983 3710; x_wconf 93' lang='lat' dir='ltr'><strong>ll,</strong></span> <span class='ocrx_word' id='word_1_128' title='bbox 1008 3639 1066 3698; x_wconf 80' lang='lat'><strong>174</strong></span> <span class='ocrx_word' id='word_1_129' title='bbox 1088 3640 1158 3699; x_wconf 80' lang='lat' dir='ltr'><strong>hnc:</strong></span> <span class='ocrx_word' id='word_1_130' title='bbox 1181 3639 1326 3698; x_wconf 82' lang='lat' dir='ltr'><strong>Metellum</strong></span> <span class='ocrx_word' id='word_1_131' title='bbox 1343 3642 1504 3718; x_wconf 77' lang='lat' dir='ltr'><strong>pontificem</strong></span> 
     </span>
     <span class='ocr_line' id='line_1_19' title="bbox 173 3738 1572 3816; baseline 0.001 -15"><span class='ocrx_word' id='word_1_132' title='bbox 173 3743 246 3800; x_wconf 83' lang='lat' dir='ltr'><strong>adeo</strong></span> <span class='ocrx_word' id='word_1_133' title='bbox 268 3740 471 3814; x_wconf 70' lang='lat' dir='ltr'><strong>inexplanatae</strong></span> <span class='ocrx_word' id='word_1_134' title='bbox 485 3738 632 3816; x_wconf 86' lang='lat' dir='ltr'><strong>(linguae)</strong></span> <span class='ocrx_word' id='word_1_135' title='bbox 646 3742 743 3815; x_wconf 78' lang='lat' dir='ltr'><strong>fuisse</strong></span> <span class='ocrx_word' id='word_1_136' title='bbox 762 3743 928 3816; x_wconf 80' lang='lat' dir='ltr'><strong>accipimaa,</strong></span> <span class='ocrx_word' id='word_1_137' title='bbox 949 3749 981 3798; x_wconf 86' lang='lat' dir='ltr'><strong>at</strong></span> <span class='ocrx_word' id='word_1_138' title='bbox 999 3739 1094 3796; x_wconf 81' lang='lat' dir='ltr'><strong>multia</strong></span> <span class='ocrx_word' id='word_1_139' title='bbox 1108 3741 1248 3798; x_wconf 82' lang='lat' dir='ltr'><strong>mensibus</strong></span> <span class='ocrx_word' id='word_1_140' title='bbox 1263 3750 1354 3798; x_wconf 82' lang='lat' dir='ltr'><strong>tortus</strong></span> <span class='ocrx_word' id='word_1_141' title='bbox 1370 3744 1504 3802; x_wconf 69' lang='lat' dir='ltr'><strong>credam</strong></span> <span class='ocrx_word' id='word_1_142' title='bbox 1567 3794 1572 3802; x_wconf 94' lang='lat'><strong>.</strong></span> 
     </span>
     <span class='ocr_line' id='line_1_20' title="bbox 173 3839 1501 3918; baseline 0.002 -17"><span class='ocrx_word' id='word_1_143' title='bbox 173 3845 241 3901; x_wconf 81' lang='lat' dir='ltr'><strong>dura</strong></span> <span class='ocrx_word' id='word_1_144' title='bbox 255 3840 408 3898; x_wconf 79' lang='lat' dir='ltr'><strong>meditatur</strong></span> <span class='ocrx_word' id='word_1_145' title='bbox 421 3842 452 3896; x_wconf 86' lang='lat' dir='ltr'><strong>ia</strong></span> <span class='ocrx_word' id='word_1_146' title='bbox 466 3840 626 3898; x_wconf 60' lang='lat' dir='ltr'><strong>deducenda</strong></span> <span class='ocrx_word' id='word_1_147' title='bbox 645 3841 713 3898; x_wconf 85' lang='lat' dir='ltr'><strong>aede</strong></span> <span class='ocrx_word' id='word_1_148' title='bbox 730 3839 868 3918; x_wconf 68' lang='lat' dir='ltr'><strong>Opayerae</strong></span> <span class='ocrx_word' id='word_1_149' title='bbox 882 3842 984 3898; x_wconf 84' lang='lat' dir='ltr'><strong>dicere.</strong></span> <span class='ocrx_word' id='word_1_150' title='bbox 1020 3839 1063 3896; x_wconf 89' lang='lat' dir='ltr'><strong>ita</strong></span> <span class='ocrx_word' id='word_1_151' title='bbox 1076 3840 1155 3896; x_wconf 89' lang='lat' dir='ltr'><strong>enim</strong></span> <span class='ocrx_word' id='word_1_152' title='bbox 1169 3839 1241 3896; x_wconf 90' lang='lat' dir='ltr'><strong>boni</strong></span> <span class='ocrx_word' id='word_1_153' title='bbox 1256 3840 1374 3900; x_wconf 84' lang='lat' dir='ltr'><strong>codices</strong></span> <span class='ocrx_word' id='word_1_154' title='bbox 1388 3861 1501 3915; x_wconf 85' lang='lat' dir='ltr'><strong>omnes,</strong></span> 
     </span>
     <span class='ocr_line' id='line_1_21' title="bbox 170 3936 1500 4017; baseline -0.002 -14"><span class='ocrx_word' id='word_1_155' title='bbox 170 3941 230 4002; x_wconf 85' lang='lat' dir='ltr'><strong>nisi</strong></span> <span class='ocrx_word' id='word_1_156' title='bbox 245 3939 327 4017; x_wconf 90' lang='lat' dir='ltr'><strong>quod</strong></span> <span class='ocrx_word' id='word_1_157' title='bbox 343 3938 473 4014; x_wconf 87' lang='lat' dir='ltr'><strong>optimus</strong></span> <span class='ocrx_word' id='word_1_158' title='bbox 487 3937 651 4014; x_wconf 85' lang='lat' dir='ltr'><strong>rescriptos</strong></span> <span class='ocrx_word' id='word_1_159' title='bbox 667 3941 815 4016; x_wconf 84' lang='lat' dir='ltr'><strong>opr&#39;saerae</strong></span> <span class='ocrx_word' id='word_1_160' title='bbox 829 3944 966 4016; x_wconf 80' lang='lat' dir='ltr'><strong>opiferae.</strong></span> <span class='ocrx_word' id='word_1_161' title='bbox 1010 3939 1142 3996; x_wconf 81' lang='lat' dir='ltr'><strong>correxit</strong></span> <span class='ocrx_word' id='word_1_162' title='bbox 1155 3938 1229 3996; x_wconf 90' lang='lat' dir='ltr'><strong>haec</strong></span> <span class='ocrx_word' id='word_1_163' title='bbox 1243 3936 1413 3996; x_wconf 88' lang='lat' dir='ltr'><strong>Urlichsins</strong></span> <span class='ocrx_word' id='word_1_164' title='bbox 1428 3943 1500 4000; x_wconf 87' lang='lat' dir='ltr'><strong>scri·</strong></span> 
     </span>
     <span class='ocr_line' id='line_1_22' title="bbox 170 4035 1500 4116; baseline -0.002 -13"><span class='ocrx_word' id='word_1_165' title='bbox 170 4043 270 4104; x_wconf 81' lang='lat' dir='ltr'><strong>bando</strong></span> <span class='ocrx_word' id='word_1_166' title='bbox 285 4041 356 4099; x_wconf 85' lang='lat' dir='ltr'><strong>aede</strong></span> <span class='ocrx_word' id='word_1_167' title='bbox 375 4039 446 4116; x_wconf 82' lang='lat' dir='ltr'><strong>Opia</strong></span> <span class='ocrx_word' id='word_1_168' title='bbox 464 4039 658 4099; x_wconf 76' lang='lat' dir='ltr'><strong>verbodicere</strong></span> <span class='ocrx_word' id='word_1_169' title='bbox 676 4058 804 4116; x_wconf 90' lang='lat' dir='ltr'><strong>eumque</strong></span> <span class='ocrx_word' id='word_1_170' title='bbox 823 4040 916 4100; x_wconf 87' lang='lat' dir='ltr'><strong>secuti</strong></span> <span class='ocrx_word' id='word_1_171' title='bbox 937 4049 1008 4098; x_wconf 85' lang='lat' dir='ltr'><strong>suut</strong></span> <span class='ocrx_word' id='word_1_172' title='bbox 1021 4039 1112 4096; x_wconf 82' lang='lat' dir='ltr'><strong>Ianus</strong></span> <span class='ocrx_word' id='word_1_173' title='bbox 1131 4049 1161 4096; x_wconf 87' lang='lat' dir='ltr'><strong>et</strong></span> <span class='ocrx_word' id='word_1_174' title='bbox 1176 4035 1380 4096; x_wconf 85' lang='lat' dir='ltr'><strong>Detleisenus.</strong></span> <span class='ocrx_word' id='word_1_175' title='bbox 1415 4041 1500 4116; x_wconf 89' lang='lat' dir='ltr'><strong>atqui</strong></span> 
     </span>
     <span class='ocr_line' id='line_1_23' title="bbox 170 4138 1500 4217; baseline -0.005 -12"><span class='ocrx_word' id='word_1_176' title='bbox 170 4153 243 4205; x_wconf 82' lang='lat' dir='ltr'><strong>nata</strong></span> <span class='ocrx_word' id='word_1_177' title='bbox 264 4148 350 4202; x_wconf 88' lang='lat' dir='ltr'><strong>crant</strong></span> <span class='ocrx_word' id='word_1_178' title='bbox 368 4140 459 4200; x_wconf 87' lang='lat' dir='ltr'><strong>etiam</strong></span> <span class='ocrx_word' id='word_1_179' title='bbox 478 4148 547 4199; x_wconf 88' lang='lat' dir='ltr'><strong>autc</strong></span> <span class='ocrx_word' id='word_1_180' title='bbox 572 4149 747 4217; x_wconf 88' lang='lat' dir='ltr'><strong>recuperata</strong></span> <span class='ocrx_word' id='word_1_181' title='bbox 772 4139 967 4216; x_wconf 88' lang='lat' dir='ltr'><strong>hemerologii</strong></span> <span class='ocrx_word' id='word_1_182' title='bbox 985 4139 1150 4214; x_wconf 77' lang='lat' dir='ltr'><strong>fragmenta</strong></span> <span class='ocrx_word' id='word_1_183' title='bbox 1168 4138 1261 4194; x_wconf 84' lang='lat' dir='ltr'><strong>verba</strong></span> <span class='ocrx_word' id='word_1_184' title='bbox 1281 4139 1444 4214; x_wconf 80' lang='lat' dir='ltr'><strong>Augustini</strong></span> <span class='ocrx_word' id='word_1_185' title='bbox 1462 4141 1500 4199; x_wconf 87' lang='lat' dir='ltr'><strong>de</strong></span> 
     </span>
     <span class='ocr_line' id='line_1_24' title="bbox 168 4235 1499 4318; baseline -0.005 -12"><span class='ocrx_word' id='word_1_186' title='bbox 168 4246 226 4306; x_wconf 85' lang='lat' dir='ltr'><strong>civ.</strong></span> <span class='ocrx_word' id='word_1_187' title='bbox 250 4243 298 4302; x_wconf 82' lang='lat' dir='ltr'><strong>clei</strong></span> <span class='ocrx_word' id='word_1_188' title='bbox 319 4243 349 4315; x_wconf 84' lang='lat'><strong>4,</strong></span> <span class='ocrx_word' id='word_1_189' title='bbox 374 4241 421 4314; x_wconf 87' lang='lat'><strong>11,</strong></span> <span class='ocrx_word' id='word_1_190' title='bbox 447 4241 498 4299; x_wconf 92' lang='lat' dir='ltr'><strong>ubi</strong></span> <span class='ocrx_word' id='word_1_191' title='bbox 518 4241 597 4300; x_wconf 83' lang='lat' dir='ltr'><strong>inter</strong></span> <span class='ocrx_word' id='word_1_192' title='bbox 616 4239 764 4300; x_wconf 80' lang='lat' dir='ltr'><strong>Lucinam</strong></span> <span class='ocrx_word' id='word_1_193' title='bbox 787 4249 816 4300; x_wconf 88' lang='lat' dir='ltr'><strong>et</strong></span> <span class='ocrx_word' id='word_1_194' title='bbox 836 4242 925 4300; x_wconf 86' lang='lat' dir='ltr'><strong>deum</strong></span> <span class='ocrx_word' id='word_1_195' title='bbox 946 4239 1126 4299; x_wconf 87' lang='lat' dir='ltr'><strong>Vaticanum</strong></span> <span class='ocrx_word' id='word_1_196' title='bbox 1149 4235 1245 4312; x_wconf 89' lang='lat' dir='ltr'><strong>Opem</strong></span> <span class='ocrx_word' id='word_1_197' title='bbox 1268 4237 1427 4298; x_wconf 88' lang='lat' dir='ltr'><strong>infantium</strong></span> <span class='ocrx_word' id='word_1_198' title='bbox 1447 4259 1499 4318; x_wconf 91' lang='lat' dir='ltr'><strong>pa·</strong></span> 
     </span>
     <span class='ocr_line' id='line_1_25' title="bbox 167 4337 1497 4418; baseline -0.002 -13"><span class='ocrx_word' id='word_1_199' title='bbox 167 4355 287 4406; x_wconf 77' lang='lat' dir='ltr'><strong>nonam</strong></span> <span class='ocrx_word' id='word_1_200' title='bbox 309 4343 353 4401; x_wconf 84' lang='lat' dir='ltr'><strong>sic</strong></span> <span class='ocrx_word' id='word_1_201' title='bbox 374 4342 514 4402; x_wconf 85' lang='lat' dir='ltr'><strong>inseruit:</strong></span> <span class='ocrx_word' id='word_1_202' title='bbox 539 4347 600 4418; x_wconf 81' lang='lat' dir='ltr'><strong>ipae</strong></span> <span class='ocrx_word' id='word_1_203' title='bbox 622 4341 739 4415; x_wconf 87' lang='lat' dir='ltr'><strong>(Iovem</strong></span> <span class='ocrx_word' id='word_1_204' title='bbox 762 4341 847 4417; x_wconf 88' lang='lat' dir='ltr'><strong>dicit)</strong></span> <span class='ocrx_word' id='word_1_205' title='bbox 870 4360 950 4417; x_wconf 89' lang='lat' dir='ltr'><strong>opem</strong></span> <span class='ocrx_word' id='word_1_206' title='bbox 964 4342 1047 4416; x_wconf 79' lang='lat' dir='ltr'><strong>serat</strong></span> <span class='ocrx_word' id='word_1_207' title='bbox 1067 4337 1244 4397; x_wconf 76' lang='lat' dir='ltr'><strong>nascentibus</strong></span> <span class='ocrx_word' id='word_1_208' title='bbox 1266 4340 1429 4414; x_wconf 70' lang='lat' dir='ltr'><strong>acceptando</strong></span> <span class='ocrx_word' id='word_1_209' title='bbox 1451 4360 1497 4402; x_wconf 89' lang='lat' dir='ltr'><strong>eoa</strong></span> 
     </span>
     <span class='ocr_line' id='line_1_26' title="bbox 168 4427 1498 4518; baseline -0.004 -10"><span class='ocrx_word' id='word_1_210' title='bbox 168 4451 234 4508; x_wconf 81' lang='lat' dir='ltr'><strong>eiua</strong></span> <span class='ocrx_word' id='word_1_211' title='bbox 255 4455 350 4504; x_wconf 82' lang='lat' dir='ltr'><strong>terrae</strong></span> <span class='ocrx_word' id='word_1_212' title='bbox 369 4452 396 4501; x_wconf 91' lang='lat' dir='ltr'><strong>et</strong></span> <span class='ocrx_word' id='word_1_213' title='bbox 415 4453 529 4502; x_wconf 84' lang='lat' dir='ltr'><strong>vocetur</strong></span> <span class='ocrx_word' id='word_1_214' title='bbox 555 4441 636 4518; x_wconf 83' lang='lat' dir='ltr'><strong>Opia.</strong></span> <span class='ocrx_word' id='word_1_215' title='bbox 668 4442 771 4518; x_wconf 88' lang='lat' dir='ltr'><strong>itaque</strong></span> <span class='ocrx_word' id='word_1_216' title='bbox 792 4448 869 4502; x_wconf 88' lang='lat' dir='ltr'><strong>tecte</strong></span> <span class='ocrx_word' id='word_1_217' title='bbox 890 4441 1009 4518; x_wconf 84' lang='lat' dir='ltr'><strong>quidem</strong></span> <span class='ocrx_word' id='word_1_218' title='bbox 1027 4427 1135 4497; x_wconf 63' lang='lat' dir='ltr'><strong>nverum</strong></span> <span class='ocrx_word' id='word_1_219' title='bbox 1158 4438 1231 4498; x_wconf 85' lang='lat' dir='ltr'><strong>satis</strong></span> <span class='ocrx_word' id='word_1_220' title='bbox 1246 4439 1327 4498; x_wconf 87' lang='lat' dir='ltr'><strong>clare</strong></span> <span class='ocrx_word' id='word_1_221' title='bbox 1349 4439 1498 4518; x_wconf 85' lang='lat' dir='ltr'><strong>significat</strong></span> 
     </span>
     <span class='ocr_line' id='line_1_27' title="bbox 168 4538 1497 4623; baseline -0.001 -19"><span class='ocrx_word' id='word_1_222' title='bbox 168 4555 287 4623; x_wconf 84' lang='lat' dir='ltr'><strong>praeter</strong></span> <span class='ocrx_word' id='word_1_223' title='bbox 313 4542 488 4604; x_wconf 79' lang='lat' dir='ltr'><strong>Conuiuiam</strong></span> <span class='ocrx_word' id='word_1_224' title='bbox 515 4541 613 4620; x_wconf 91' lang='lat' dir='ltr'><strong>Opem</strong></span> <span class='ocrx_word' id='word_1_225' title='bbox 639 4549 741 4600; x_wconf 89' lang='lat' dir='ltr'><strong>notam</strong></span> <span class='ocrx_word' id='word_1_226' title='bbox 767 4542 905 4600; x_wconf 87' lang='lat' dir='ltr'><strong>omnibus</strong></span> <span class='ocrx_word' id='word_1_227' title='bbox 930 4540 989 4600; x_wconf 89' lang='lat' dir='ltr'><strong>coli</strong></span> <span class='ocrx_word' id='word_1_228' title='bbox 1014 4538 1178 4615; x_wconf 84' lang='lat' dir='ltr'><strong>Opiieram.</strong></span> <span class='ocrx_word' id='word_1_229' title='bbox 1227 4557 1306 4598; x_wconf 89' lang='lat' dir='ltr'><strong>nunc</strong></span> <span class='ocrx_word' id='word_1_230' title='bbox 1332 4543 1405 4617; x_wconf 89' lang='lat' dir='ltr'><strong>quin</strong></span> <span class='ocrx_word' id='word_1_231' title='bbox 1430 4543 1497 4622; x_wconf 87' lang='lat' dir='ltr'><strong>ipse</strong></span> 
     </span>
     <span class='ocr_line' id='line_1_28' title="bbox 168 4641 1496 4717; baseline -0.001 -12"><span class='ocrx_word' id='word_1_232' title='bbox 168 4644 342 4705; x_wconf 85' lang='lat' dir='ltr'><strong>Urlichsiua</strong></span> <span class='ocrx_word' id='word_1_233' title='bbox 364 4645 564 4704; x_wconf 86' lang='lat' dir='ltr'><strong>coniecturam</strong></span> <span class='ocrx_word' id='word_1_234' title='bbox 580 4659 664 4701; x_wconf 85' lang='lat' dir='ltr'><strong>suam</strong></span> <span class='ocrx_word' id='word_1_235' title='bbox 686 4643 829 4702; x_wconf 85' lang='lat' dir='ltr'><strong>abiecerit</strong></span> <span class='ocrx_word' id='word_1_236' title='bbox 849 4660 909 4701; x_wconf 92' lang='lat' dir='ltr'><strong>uon</strong></span> <span class='ocrx_word' id='word_1_237' title='bbox 931 4641 1048 4700; x_wconf 88' lang='lat' dir='ltr'><strong>dubito:</strong></span> <span class='ocrx_word' id='word_1_238' title='bbox 1072 4647 1197 4717; x_wconf 86' lang='lat' dir='ltr'><strong>apparet</strong></span> <span class='ocrx_word' id='word_1_239' title='bbox 1217 4641 1405 4700; x_wconf 88' lang='lat' dir='ltr'><strong>scribendum</strong></span> <span class='ocrx_word' id='word_1_240' title='bbox 1427 4661 1496 4703; x_wconf 87' lang='lat' dir='ltr'><strong>esse</strong></span> 
     </span>
     <span class='ocr_line' id='line_1_29' title="bbox 173 4739 1548 4820; baseline 0 -17"><span class='ocrx_word' id='word_1_241' title='bbox 173 4743 232 4820; x_wconf 86' lang='lat' dir='ltr'><strong>Opi</strong></span> <span class='ocrx_word' id='word_1_242' title='bbox 254 4745 391 4819; x_wconf 74' lang='lat' dir='ltr'><strong>opiferae.</strong></span> <span class='ocrx_word' id='word_1_243' title='bbox 423 4743 476 4804; x_wconf 84' lang='lat' dir='ltr'><strong>aed</strong></span> <span class='ocrx_word' id='word_1_244' title='bbox 497 4745 575 4802; x_wconf 90' lang='lat' dir='ltr'><strong>iuter</strong></span> <span class='ocrx_word' id='word_1_245' title='bbox 589 4743 729 4803; x_wconf 88' lang='lat' dir='ltr'><strong>Metellos</strong></span> <span class='ocrx_word' id='word_1_246' title='bbox 751 4761 818 4802; x_wconf 92' lang='lat' dir='ltr'><strong>cum</strong></span> <span class='ocrx_word' id='word_1_247' title='bbox 841 4743 899 4803; x_wconf 91' lang='lat' dir='ltr'><strong>dno</strong></span> <span class='ocrx_word' id='word_1_248' title='bbox 918 4739 1117 4810; x_wconf 86' lang='lat' dir='ltr'><strong>inveniantur,</strong></span> <span class='ocrx_word' id='word_1_249' title='bbox 1138 4755 1214 4815; x_wconf 88' lang='lat' dir='ltr'><strong>quos</strong></span> <span class='ocrx_word' id='word_1_250' title='bbox 1229 4749 1348 4800; x_wconf 90' lang='lat' dir='ltr'><strong>constet</strong></span> <span class='ocrx_word' id='word_1_251' title='bbox 1367 4743 1495 4820; x_wconf 89' lang='lat' dir='ltr'><strong>collegio</strong></span> <span class='ocrx_word' id='word_1_252' title='bbox 1547 4765 1548 4768; x_wconf 44' lang='lat'>¹</span> 
     </span>
     <span class='ocr_line' id='line_1_30' title="bbox 167 4839 1496 4922; baseline 0 -20"><span class='ocrx_word' id='word_1_253' title='bbox 167 4841 344 4922; x_wconf 85' lang='lat' dir='ltr'><strong>pontificum</strong></span> <span class='ocrx_word' id='word_1_254' title='bbox 370 4844 537 4920; x_wconf 72' lang='lat' dir='ltr'><strong>adscmptos</strong></span> <span class='ocrx_word' id='word_1_255' title='bbox 563 4843 675 4916; x_wconf 81' lang='lat' dir='ltr'><strong>fuisse,</strong></span> <span class='ocrx_word' id='word_1_256' title='bbox 700 4842 737 4902; x_wconf 89' lang='lat' dir='ltr'><strong>L.</strong></span> <span class='ocrx_word' id='word_1_257' title='bbox 760 4841 924 4902; x_wconf 86' lang='lat' dir='ltr'><strong>Caecilium</strong></span> <span class='ocrx_word' id='word_1_258' title='bbox 952 4839 1105 4900; x_wconf 87' lang='lat' dir='ltr'><strong>Metellum</strong></span> <span class='ocrx_word' id='word_1_259' title='bbox 1131 4856 1192 4898; x_wconf 87' lang='lat' dir='ltr'><strong>cos.</strong></span> <span class='ocrx_word' id='word_1_260' title='bbox 1222 4857 1249 4898; x_wconf 87' lang='lat' dir='ltr'><strong>a.</strong></span> <span class='ocrx_word' id='word_1_261' title='bbox 1278 4841 1348 4900; x_wconf 83' lang='lat'><strong>503.</strong></span> <span class='ocrx_word' id='word_1_262' title='bbox 1378 4841 1437 4899; x_wconf 82' lang='lat'><strong>507</strong></span> <span class='ocrx_word' id='word_1_263' title='bbox 1466 4854 1496 4902; x_wconf 90' lang='lat' dir='ltr'><strong>et</strong></span> 
     </span>
     <span class='ocr_line' id='line_1_31' title="bbox 167 4939 1496 5026; baseline 0.001 -24"><span class='ocrx_word' id='word_1_264' title='bbox 167 4943 205 5004; x_wconf 80' lang='lat'><strong>1..</strong></span> <span class='ocrx_word' id='word_1_265' title='bbox 229 4940 394 5026; x_wconf 84' lang='lat' dir='ltr'><strong>Caecilium</strong></span> <span class='ocrx_word' id='word_1_266' title='bbox 415 4943 568 5004; x_wconf 85' lang='lat' dir='ltr'><strong>Metellum</strong></span> <span class='ocrx_word' id='word_1_267' title='bbox 591 4943 791 5003; x_wconf 91' lang='lat' dir='ltr'><strong>Delmaticum</strong></span> <span class='ocrx_word' id='word_1_268' title='bbox 817 4961 879 5002; x_wconf 85' lang='lat' dir='ltr'><strong>cos.</strong></span> <span class='ocrx_word' id='word_1_269' title='bbox 901 4961 927 5000; x_wconf 86' lang='lat' dir='ltr'><strong>a.</strong></span> <span class='ocrx_word' id='word_1_270' title='bbox 952 4941 1114 5000; x_wconf 71' lang='lat' dir='ltr'><strong>satuens.</strong></span> <span class='ocrx_word' id='word_1_271' title='bbox 1137 4959 1164 4998; x_wconf 95' lang='lat' dir='ltr'><strong>a.</strong></span> <span class='ocrx_word' id='word_1_272' title='bbox 1188 4939 1246 4998; x_wconf 87' lang='grc'><strong>639</strong></span> <span class='ocrx_word' id='word_1_273' title='bbox 1269 4939 1395 5015; x_wconf 91' lang='lat' dir='ltr'><strong>(utimur</strong></span> <span class='ocrx_word' id='word_1_274' title='bbox 1416 4945 1496 5002; x_wconf 90' lang='lat' dir='ltr'><strong>enim</strong></span> 
     </span>
     <span class='ocr_line' id='line_1_32' title="bbox 168 5039 1497 5124; baseline 0 -22"><span class='ocrx_word' id='word_1_275' title='bbox 168 5043 291 5124; x_wconf 87' lang='lat' dir='ltr'><strong>egregio</strong></span> <span class='ocrx_word' id='word_1_276' title='bbox 314 5044 503 5102; x_wconf 85' lang='lat' dir='ltr'><strong>sacerdotum</strong></span> <span class='ocrx_word' id='word_1_277' title='bbox 524 5045 651 5107; x_wconf 77' lang='lat' dir='ltr'><strong>elencho</strong></span> <span class='ocrx_word' id='word_1_278' title='bbox 670 5063 759 5122; x_wconf 91' lang='lat' dir='ltr'><strong>quem</strong></span> <span class='ocrx_word' id='word_1_279' title='bbox 782 5041 816 5103; x_wconf 86' lang='lat'><strong>0.</strong></span> <span class='ocrx_word' id='word_1_280' title='bbox 839 5041 934 5101; x_wconf 84' lang='lat' dir='ltr'><strong>Berrit</strong></span> <span class='ocrx_word' id='word_1_281' title='bbox 954 5060 1050 5119; x_wconf 84' lang='lat' dir='ltr'><strong>nuper</strong></span> <span class='ocrx_word' id='word_1_282' title='bbox 1070 5041 1208 5110; x_wconf 82' lang='lat' dir='ltr'><strong>coniecit,</strong></span> <span class='ocrx_word' id='word_1_283' title='bbox 1235 5043 1281 5098; x_wconf 82' lang='lat' dir='ltr'><strong>die</strong></span> <span class='ocrx_word' id='word_1_284' title='bbox 1301 5039 1425 5100; x_wconf 72' lang='lat' dir='ltr'><strong>Prleam</strong></span> <span class='ocrx_word' id='word_1_285' title='bbox 1445 5045 1497 5103; x_wconf 83' lang='lat' dir='ltr'><strong>der</strong></span> 
     </span>
    </p>
   </div>
   <div class='ocr_carea' id='block_1_7' title="bbox 168 5139 1496 5299">
    <p class='ocr_par' dir='ltr' id='par_1_7' title="bbox 168 5139 1496 5299">
     <span class='ocr_line' id='line_1_33' title="bbox 168 5139 1496 5223; baseline 0.002 -21"><span class='ocrx_word' id='word_1_286' title='bbox 168 5147 228 5202; x_wconf 79' lang='lat' dir='ltr'><strong>au&#39;er</strong></span> <span class='ocrx_word' id='word_1_287' title='bbox 252 5163 372 5221; x_wconf 81' lang='lat' dir='ltr'><strong>praesen</strong></span> <span class='ocrx_word' id='word_1_288' title='bbox 401 5142 560 5221; x_wconf 81' lang='lat' dir='ltr'><strong>Collepiea,</strong></span> <span class='ocrx_word' id='word_1_289' title='bbox 586 5163 687 5223; x_wconf 88' lang='lat' dir='ltr'><strong>progr.</strong></span> <span class='ocrx_word' id='word_1_290' title='bbox 716 5144 810 5206; x_wconf 88' lang='lat' dir='ltr'><strong>schol.</strong></span> <span class='ocrx_word' id='word_1_291' title='bbox 837 5143 937 5203; x_wconf 90' lang='lat' dir='ltr'><strong>Berol.</strong></span> <span class='ocrx_word' id='word_1_292' title='bbox 962 5143 1067 5218; x_wconf 81' lang='lat'>1871),</span> <span class='ocrx_word' id='word_1_293' title='bbox 1094 5141 1131 5200; x_wconf 86' lang='lat' dir='ltr'><strong>de</strong></span> <span class='ocrx_word' id='word_1_294' title='bbox 1151 5141 1206 5200; x_wconf 92' lang='lat' dir='ltr'><strong>illo</strong></span> <span class='ocrx_word' id='word_1_295' title='bbox 1228 5139 1350 5218; x_wconf 86' lang='lat' dir='ltr'><strong>quidem</strong></span> <span class='ocrx_word' id='word_1_296' title='bbox 1372 5145 1496 5221; x_wconf 86' lang='lat' dir='ltr'><strong>cogitari</strong></span> 
     </span>
     <span class='ocr_line' id='line_1_34' title="bbox 1253 5241 1290 5299; baseline 0 0"><span class='ocrx_word' id='word_1_297' title='bbox 1253 5241 1290 5299; x_wconf 90' lang='grc'><strong>17</strong></span> 
     </span>
    </p>
   </div>
   <div class='ocr_carea' id='block_1_8' title="bbox 0 0 1918 5962">
    <p class='ocr_par' dir='ltr' id='par_1_8' title="bbox 0 0 1918 5962">
     <span class='ocr_line' id='line_1_35' title="bbox 0 0 1918 5962; baseline 0 3"><span class='ocrx_word' id='word_1_298' title='bbox 0 0 1918 5962; x_wconf 95' lang='lat' dir='ltr'><strong> </strong></span> 
     </span>
    </p>
   </div>
  </div>
 </body>
</html>
