<?xml version="1.0" encoding="UTF-8"?>
<!DOCTYPE html PUBLIC "-//W3C//DTD XHTML 1.0 Transitional//EN"
    "http://www.w3.org/TR/xhtml1/DTD/xhtml1-transitional.dtd">
<html xmlns="http://www.w3.org/1999/xhtml" xml:lang="en" lang="en">
 <head>
  <title>
</title>
<meta http-equiv="Content-Type" content="text/html;charset=utf-8" />
  <meta name='ocr-system' content='tesseract 3.04.00' />
  <meta name='ocr-capabilities' content='ocr_page ocr_carea ocr_par ocr_line ocrx_word'/>
</head>
<body>
  <div class='ocr_page' id='page_1' title='image "./ephemerisepigra01henzgoog_0077.png"; bbox 0 0 3812 5960; ppageno 0'>
   <div class='ocr_carea' id='block_1_1' title="bbox 360 536 1112 605">
    <p class='ocr_par' dir='ltr' id='par_1_1' title="bbox 360 536 1112 605">
     <span class='ocr_line' id='line_1_1' title="bbox 360 536 1112 605; baseline -0.007 0"><span class='ocrx_word' id='word_1_1' title='bbox 360 536 407 605; x_wconf 87' lang='lat'><strong>56</strong></span> <span class='ocrx_word' id='word_1_2' title='bbox 930 549 1112 604; x_wconf 81' lang='lat' dir='ltr'><strong>uoumsnu</strong></span> 
     </span>
    </p>
   </div>
   <div class='ocr_carea' id='block_1_2' title="bbox 341 718 1724 3604">
    <p class='ocr_par' dir='ltr' id='par_1_2' title="bbox 358 718 1684 898">
     <span class='ocr_line' id='line_1_2' title="bbox 358 718 1684 799; baseline -0.005 -17"><span class='ocrx_word' id='word_1_3' title='bbox 358 732 492 799; x_wconf 86' lang='lat' dir='ltr'><strong>tempore</strong></span> <span class='ocrx_word' id='word_1_4' title='bbox 516 723 607 780; x_wconf 80' lang='lat' dir='ltr'><strong>fuerit</strong></span> <span class='ocrx_word' id='word_1_5' title='bbox 632 741 754 784; x_wconf 85' lang='lat' dir='ltr'><strong>necesse</strong></span> <span class='ocrx_word' id='word_1_6' title='bbox 780 731 836 780; x_wconf 90' lang='lat' dir='ltr'><strong>est.</strong></span> <span class='ocrx_word' id='word_1_7' title='bbox 877 721 970 779; x_wconf 81' lang='lat' dir='ltr'><strong>Recte</strong></span> <span class='ocrx_word' id='word_1_8' title='bbox 996 721 1088 797; x_wconf 88' lang='lat' dir='ltr'><strong>igitur</strong></span> <span class='ocrx_word' id='word_1_9' title='bbox 1112 720 1297 796; x_wconf 84' lang='lat' dir='ltr'><strong>Borghesius</strong></span> <span class='ocrx_word' id='word_1_10' title='bbox 1318 718 1540 794; x_wconf 84' lang='lat' dir='ltr'><strong>Heuzanusque</strong></span> <span class='ocrx_word' id='word_1_11' title='bbox 1566 719 1684 778; x_wconf 91' lang='lat' dir='ltr'><strong>titulum</strong></span> 
     </span>
     <span class='ocr_line' id='line_1_3' title="bbox 358 821 1223 898; baseline -0.005 -16"><span class='ocrx_word' id='word_1_12' title='bbox 358 825 437 882; x_wconf 87' lang='lat' dir='ltr'><strong>bunc</strong></span> <span class='ocrx_word' id='word_1_13' title='bbox 458 823 497 882; x_wconf 91' lang='lat' dir='ltr'><strong>ad</strong></span> <span class='ocrx_word' id='word_1_14' title='bbox 518 833 654 882; x_wconf 86' lang='lat' dir='ltr'><strong>extrema</strong></span> <span class='ocrx_word' id='word_1_15' title='bbox 673 831 810 898; x_wconf 89' lang='lat' dir='ltr'><strong>tempora</strong></span> <span class='ocrx_word' id='word_1_16' title='bbox 831 821 978 880; x_wconf 88' lang='lat' dir='ltr'><strong>Hadriani</strong></span> <span class='ocrx_word' id='word_1_17' title='bbox 1000 827 1223 880; x_wconf 86' lang='lat' dir='ltr'><strong>revocaverunt.</strong></span> 
     </span>
    </p>

    <p class='ocr_par' dir='ltr' id='par_1_3' title="bbox 341 920 1724 3604">
     <span class='ocr_line' id='line_1_4' title="bbox 441 920 1685 992; baseline -0.003 -10"><span class='ocrx_word' id='word_1_18' title='bbox 441 923 551 982; x_wconf 83' lang='lat' dir='ltr'><strong>Adhuc</strong></span> <span class='ocrx_word' id='word_1_19' title='bbox 571 933 650 981; x_wconf 89' lang='lat' dir='ltr'><strong>recte</strong></span> <span class='ocrx_word' id='word_1_20' title='bbox 673 923 710 980; x_wconf 90' lang='lat' dir='ltr'><strong>ab</strong></span> <span class='ocrx_word' id='word_1_21' title='bbox 733 923 801 981; x_wconf 88' lang='lat' dir='ltr'><strong>aliis</strong></span> <span class='ocrx_word' id='word_1_22' title='bbox 823 923 983 980; x_wconf 91' lang='lat' dir='ltr'><strong>observata</strong></span> <span class='ocrx_word' id='word_1_23' title='bbox 996 922 1110 992; x_wconf 85' lang='lat' dir='ltr'><strong>rettuli3</strong></span> <span class='ocrx_word' id='word_1_24' title='bbox 1132 927 1248 980; x_wconf 81' lang='lat' dir='ltr'><strong>restant</strong></span> <span class='ocrx_word' id='word_1_25' title='bbox 1265 920 1334 992; x_wconf 89' lang='lat' dir='ltr'><strong>alia,</strong></span> <span class='ocrx_word' id='word_1_26' title='bbox 1356 920 1404 978; x_wconf 93' lang='lat' dir='ltr'><strong>ubi</strong></span> <span class='ocrx_word' id='word_1_27' title='bbox 1421 938 1487 978; x_wconf 90' lang='lat' dir='ltr'><strong>meo</strong></span> <span class='ocrx_word' id='word_1_28' title='bbox 1502 920 1574 978; x_wconf 90' lang='lat' dir='ltr'><strong>mibi</strong></span> <span class='ocrx_word' id='word_1_29' title='bbox 1590 920 1685 978; x_wconf 85' lang='lat' dir='ltr'><strong>Marte</strong></span> 
     </span>
     <span class='ocr_line' id='line_1_5' title="bbox 357 1021 1685 1100; baseline -0.003 -18"><span class='ocrx_word' id='word_1_30' title='bbox 357 1025 574 1100; x_wconf 89' lang='lat' dir='ltr'><strong>procedendum</strong></span> <span class='ocrx_word' id='word_1_31' title='bbox 597 1033 652 1082; x_wconf 88' lang='lat' dir='ltr'><strong>est.</strong></span> <span class='ocrx_word' id='word_1_32' title='bbox 693 1021 869 1098; x_wconf 84' lang='lat' dir='ltr'><strong>Quicunque</strong></span> <span class='ocrx_word' id='word_1_33' title='bbox 889 1023 968 1080; x_wconf 93' lang='lat' dir='ltr'><strong>tituli</strong></span> <span class='ocrx_word' id='word_1_34' title='bbox 990 1022 1196 1094; x_wconf 89' lang='lat' dir='ltr'><strong>meminerunt,</strong></span> <span class='ocrx_word' id='word_1_35' title='bbox 1217 1021 1289 1080; x_wconf 91' lang='lat' dir='ltr'><strong>Ursi</strong></span> <span class='ocrx_word' id='word_1_36' title='bbox 1312 1021 1468 1079; x_wconf 88' lang='lat' dir='ltr'><strong>cuiusdam</strong></span> <span class='ocrx_word' id='word_1_37' title='bbox 1484 1021 1596 1098; x_wconf 85' lang='lat' dir='ltr'><strong>Togati</strong></span> <span class='ocrx_word' id='word_1_38' title='bbox 1616 1039 1685 1079; x_wconf 88' lang='lat' dir='ltr'><strong>eum</strong></span> 
     </span>
     <span class='ocr_line' id='line_1_6' title="bbox 357 1119 1685 1200; baseline -0.003 -18"><span class='ocrx_word' id='word_1_39' title='bbox 357 1141 423 1183; x_wconf 85' lang='lat' dir='ltr'><strong>essa</strong></span> <span class='ocrx_word' id='word_1_40' title='bbox 444 1124 584 1182; x_wconf 87' lang='lat' dir='ltr'><strong>dixerunt</strong></span> <span class='ocrx_word' id='word_1_41' title='bbox 605 1143 731 1199; x_wconf 88' lang='lat' dir='ltr'><strong>eumque</strong></span> <span class='ocrx_word' id='word_1_42' title='bbox 745 1123 857 1183; x_wconf 88' lang='lat' dir='ltr'><strong>Ursum</strong></span> <span class='ocrx_word' id='word_1_43' title='bbox 874 1123 1022 1200; x_wconf 89' lang='lat' dir='ltr'><strong>Togatum</strong></span> <span class='ocrx_word' id='word_1_44' title='bbox 1045 1122 1229 1180; x_wconf 88' lang='lat' dir='ltr'><strong>condicionis</strong></span> <span class='ocrx_word' id='word_1_45' title='bbox 1250 1121 1405 1180; x_wconf 88' lang='lat' dir='ltr'><strong>libertinae</strong></span> <span class='ocrx_word' id='word_1_46' title='bbox 1426 1121 1577 1180; x_wconf 89' lang='lat' dir='ltr'><strong>hominem</strong></span> <span class='ocrx_word' id='word_1_47' title='bbox 1591 1119 1685 1178; x_wconf 90' lang='lat' dir='ltr'><strong>credi·</strong></span> 
     </span>
     <span class='ocr_line' id='line_1_7' title="bbox 357 1221 1686 1299; baseline -0.002 -19"><span class='ocrx_word' id='word_1_48' title='bbox 357 1223 471 1282; x_wconf 87' lang='lat' dir='ltr'><strong>darunt.</strong></span> <span class='ocrx_word' id='word_1_49' title='bbox 515 1225 558 1282; x_wconf 85' lang='lat' dir='ltr'><strong>At</strong></span> <span class='ocrx_word' id='word_1_50' title='bbox 584 1223 636 1298; x_wconf 90' lang='lat' dir='ltr'><strong>qui</strong></span> <span class='ocrx_word' id='word_1_51' title='bbox 662 1224 775 1298; x_wconf 86' lang='lat' dir='ltr'><strong>duplex</strong></span> <span class='ocrx_word' id='word_1_52' title='bbox 803 1241 967 1299; x_wconf 82' lang='lat' dir='ltr'><strong>cognomen</strong></span> <span class='ocrx_word' id='word_1_53' title='bbox 994 1223 1037 1280; x_wconf 91' lang='lat' dir='ltr'><strong>ita</strong></span> <span class='ocrx_word' id='word_1_54' title='bbox 1061 1223 1192 1298; x_wconf 89' lang='lat' dir='ltr'><strong>positum</strong></span> <span class='ocrx_word' id='word_1_55' title='bbox 1218 1223 1348 1297; x_wconf 90' lang='lat' dir='ltr'><strong>aliquam</strong></span> <span class='ocrx_word' id='word_1_56' title='bbox 1371 1221 1566 1279; x_wconf 84' lang='lat' dir='ltr'><strong>offensionem</strong></span> <span class='ocrx_word' id='word_1_57' title='bbox 1587 1221 1686 1292; x_wconf 91' lang='lat' dir='ltr'><strong>habet,</strong></span> 
     </span>
     <span class='ocr_line' id='line_1_8' title="bbox 356 1320 1685 1401; baseline -0.003 -19"><span class='ocrx_word' id='word_1_58' title='bbox 356 1341 536 1400; x_wconf 85' lang='lat' dir='ltr'><strong>quemquam</strong></span> <span class='ocrx_word' id='word_1_59' title='bbox 559 1325 632 1381; x_wconf 88' lang='lat' dir='ltr'><strong>talia</strong></span> <span class='ocrx_word' id='word_1_60' title='bbox 652 1324 777 1398; x_wconf 89' lang='lat' dir='ltr'><strong>reperiri</strong></span> <span class='ocrx_word' id='word_1_61' title='bbox 798 1343 859 1382; x_wconf 90' lang='lat' dir='ltr'><strong>non</strong></span> <span class='ocrx_word' id='word_1_62' title='bbox 881 1343 967 1401; x_wconf 91' lang='lat' dir='ltr'><strong>nego.</strong></span> <span class='ocrx_word' id='word_1_63' title='bbox 1011 1323 1128 1380; x_wconf 88' lang='lat' dir='ltr'><strong>Deinde</strong></span> <span class='ocrx_word' id='word_1_64' title='bbox 1150 1322 1260 1398; x_wconf 87' lang='lat' dir='ltr'><strong>Togati</strong></span> <span class='ocrx_word' id='word_1_65' title='bbox 1286 1338 1450 1398; x_wconf 81' lang='lat' dir='ltr'><strong>cognomen</strong></span> <span class='ocrx_word' id='word_1_66' title='bbox 1471 1322 1544 1379; x_wconf 91' lang='lat' dir='ltr'><strong>mihi</strong></span> <span class='ocrx_word' id='word_1_67' title='bbox 1566 1320 1685 1396; x_wconf 90' lang='lat' dir='ltr'><strong>quidem</strong></span> 
     </span>
     <span class='ocr_line' id='line_1_9' title="bbox 356 1418 1686 1500; baseline -0.003 -18"><span class='ocrx_word' id='word_1_68' title='bbox 356 1424 523 1483; x_wconf 88' lang='lat' dir='ltr'><strong>inauditum</strong></span> <span class='ocrx_word' id='word_1_69' title='bbox 545 1435 591 1482; x_wconf 85' lang='lat' dir='ltr'><strong>eat</strong></span> <span class='ocrx_word' id='word_1_70' title='bbox 611 1433 641 1481; x_wconf 89' lang='lat' dir='ltr'><strong>et</strong></span> <span class='ocrx_word' id='word_1_71' title='bbox 661 1425 749 1500; x_wconf 90' lang='lat' dir='ltr'><strong>plane</strong></span> <span class='ocrx_word' id='word_1_72' title='bbox 772 1425 837 1482; x_wconf 87' lang='lat' dir='ltr'><strong>sine</strong></span> <span class='ocrx_word' id='word_1_73' title='bbox 858 1423 1007 1498; x_wconf 88' lang='lat' dir='ltr'><strong>exemplo,</strong></span> <span class='ocrx_word' id='word_1_74' title='bbox 1029 1433 1063 1481; x_wconf 91' lang='lat' dir='ltr'><strong>ut</strong></span> <span class='ocrx_word' id='word_1_75' title='bbox 1084 1423 1196 1482; x_wconf 89' lang='lat' dir='ltr'><strong>similia</strong></span> <span class='ocrx_word' id='word_1_76' title='bbox 1217 1441 1337 1499; x_wconf 85' lang='lat' dir='ltr'><strong>quoquc</strong></span> <span class='ocrx_word' id='word_1_77' title='bbox 1358 1422 1459 1492; x_wconf 88' lang='lat' dir='ltr'><strong>Pilati,</strong></span> <span class='ocrx_word' id='word_1_78' title='bbox 1482 1421 1612 1492; x_wconf 84' lang='lat' dir='ltr'><strong>Hastati,</strong></span> <span class='ocrx_word' id='word_1_79' title='bbox 1629 1418 1686 1480; x_wconf 87' lang='lat' dir='ltr'><strong>Sa·</strong></span> 
     </span>
     <span class='ocr_line' id='line_1_10' title="bbox 357 1521 1684 1601; baseline -0.003 -19"><span class='ocrx_word' id='word_1_80' title='bbox 357 1525 419 1601; x_wconf 89' lang='lat' dir='ltr'><strong>gati</strong></span> <span class='ocrx_word' id='word_1_81' title='bbox 446 1524 525 1582; x_wconf 91' lang='lat' dir='ltr'><strong>inter</strong></span> <span class='ocrx_word' id='word_1_82' title='bbox 551 1524 673 1582; x_wconf 87' lang='lat' dir='ltr'><strong>nomina</strong></span> <span class='ocrx_word' id='word_1_83' title='bbox 698 1533 750 1583; x_wconf 90' lang='lat' dir='ltr'><strong>aut</strong></span> <span class='ocrx_word' id='word_1_84' title='bbox 776 1525 965 1584; x_wconf 89' lang='lat' dir='ltr'><strong>inveniuntur</strong></span> <span class='ocrx_word' id='word_1_85' title='bbox 990 1524 1145 1582; x_wconf 78' lang='lat' dir='ltr'><strong>rarissime</strong></span> <span class='ocrx_word' id='word_1_86' title='bbox 1172 1531 1224 1581; x_wconf 88' lang='lat' dir='ltr'><strong>aut</strong></span> <span class='ocrx_word' id='word_1_87' title='bbox 1249 1523 1370 1580; x_wconf 88' lang='lat' dir='ltr'><strong>omnino</strong></span> <span class='ocrx_word' id='word_1_88' title='bbox 1396 1541 1457 1580; x_wconf 91' lang='lat' dir='ltr'><strong>non</strong></span> <span class='ocrx_word' id='word_1_89' title='bbox 1485 1521 1684 1580; x_wconf 90' lang='lat' dir='ltr'><strong>inveniuntur.</strong></span> 
     </span>
     <span class='ocr_line' id='line_1_11' title="bbox 357 1623 1688 1700; baseline -0.003 -17"><span class='ocrx_word' id='word_1_90' title='bbox 357 1623 471 1683; x_wconf 80' lang='lat' dir='ltr'><strong>Contra</strong></span> <span class='ocrx_word' id='word_1_91' title='bbox 492 1624 542 1682; x_wconf 92' lang='lat' dir='ltr'><strong>ubi</strong></span> <span class='ocrx_word' id='word_1_92' title='bbox 564 1625 765 1700; x_wconf 79' lang='lat' dir='ltr'><strong>praedicative</strong></span> <span class='ocrx_word' id='word_1_93' title='bbox 787 1625 963 1684; x_wconf 89' lang='lat' dir='ltr'><strong>vocabulum</strong></span> <span class='ocrx_word' id='word_1_94' title='bbox 984 1625 1151 1700; x_wconf 85' lang='lat' dir='ltr'><strong>acceperis,</strong></span> <span class='ocrx_word' id='word_1_95' title='bbox 1173 1623 1364 1682; x_wconf 86' lang='lat' dir='ltr'><strong>difficultates</strong></span> <span class='ocrx_word' id='word_1_96' title='bbox 1386 1639 1489 1680; x_wconf 86' lang='lat' dir='ltr'><strong>omnes</strong></span> <span class='ocrx_word' id='word_1_97' title='bbox 1510 1627 1688 1680; x_wconf 88' lang='lat' dir='ltr'><strong>evanescent</strong></span> 
     </span>
     <span class='ocr_line' id='line_1_12' title="bbox 357 1721 1686 1802; baseline -0.002 -22"><span class='ocrx_word' id='word_1_98' title='bbox 357 1733 387 1781; x_wconf 94' lang='lat' dir='ltr'><strong>et</strong></span> <span class='ocrx_word' id='word_1_99' title='bbox 415 1724 563 1782; x_wconf 87' lang='lat' dir='ltr'><strong>sententia</strong></span> <span class='ocrx_word' id='word_1_100' title='bbox 591 1727 702 1800; x_wconf 90' lang='lat' dir='ltr'><strong>optime</strong></span> <span class='ocrx_word' id='word_1_101' title='bbox 729 1726 878 1802; x_wconf 89' lang='lat' dir='ltr'><strong>procedit,</strong></span> <span class='ocrx_word' id='word_1_102' title='bbox 908 1725 1046 1784; x_wconf 91' lang='lat' dir='ltr'><strong>nimirum</strong></span> <span class='ocrx_word' id='word_1_103' title='bbox 1074 1725 1151 1782; x_wconf 87' lang='lat' dir='ltr'><strong>huno</strong></span> <span class='ocrx_word' id='word_1_104' title='bbox 1176 1724 1304 1800; x_wconf 91' lang='lat' dir='ltr'><strong>primum</strong></span> <span class='ocrx_word' id='word_1_105' title='bbox 1326 1725 1418 1782; x_wconf 87' lang='lat' dir='ltr'><strong>luisse</strong></span> <span class='ocrx_word' id='word_1_106' title='bbox 1440 1741 1479 1780; x_wconf 87' lang='lat' dir='ltr'><strong>ex</strong></span> <span class='ocrx_word' id='word_1_107' title='bbox 1500 1721 1627 1797; x_wconf 88' lang='lat' dir='ltr'><strong>togatis,</strong></span> <span class='ocrx_word' id='word_1_108' title='bbox 1655 1721 1686 1779; x_wconf 93' lang='lat' dir='ltr'><strong>id</strong></span> 
     </span>
     <span class='ocr_line' id='line_1_13' title="bbox 357 1822 1687 1902; baseline -0.002 -21"><span class='ocrx_word' id='word_1_109' title='bbox 357 1831 464 1882; x_wconf 87' lang='lat' dir='ltr'><strong>estex</strong></span> <span class='ocrx_word' id='word_1_110' title='bbox 486 1824 601 1882; x_wconf 88' lang='lat' dir='ltr'><strong>civibus</strong></span> <span class='ocrx_word' id='word_1_111' title='bbox 616 1825 773 1897; x_wconf 86' lang='lat' dir='ltr'><strong>Romanis,</strong></span> <span class='ocrx_word' id='word_1_112' title='bbox 796 1827 848 1902; x_wconf 93' lang='lat' dir='ltr'><strong>qui</strong></span> <span class='ocrx_word' id='word_1_113' title='bbox 863 1827 965 1884; x_wconf 88' lang='lat' dir='ltr'><strong>vitreis</strong></span> <span class='ocrx_word' id='word_1_114' title='bbox 988 1825 1058 1900; x_wconf 91' lang='lat' dir='ltr'><strong>pilis</strong></span> <span class='ocrx_word' id='word_1_115' title='bbox 1081 1825 1199 1901; x_wconf 89' lang='lat' dir='ltr'><strong>publice</strong></span> <span class='ocrx_word' id='word_1_116' title='bbox 1220 1824 1335 1882; x_wconf 85' lang='lat' dir='ltr'><strong>luserit.</strong></span> <span class='ocrx_word' id='word_1_117' title='bbox 1371 1823 1449 1882; x_wconf 77' lang='lat' dir='ltr'><strong>llum</strong></span> <span class='ocrx_word' id='word_1_118' title='bbox 1471 1823 1580 1893; x_wconf 88' lang='lat' dir='ltr'><strong>lusum,</strong></span> <span class='ocrx_word' id='word_1_119' title='bbox 1600 1822 1687 1880; x_wconf 87' lang='lat' dir='ltr'><strong>ouius</strong></span> 
     </span>
     <span class='ocr_line' id='line_1_14' title="bbox 341 1911 1688 2000; baseline -0.002 -19"><span class='ocrx_word' id='word_1_120' title='bbox 341 1911 512 2000; x_wconf 51' lang='lat' dir='ltr'><strong>¹praeterea</strong></span> <span class='ocrx_word' id='word_1_121' title='bbox 538 1925 619 2000; x_wconf 92' lang='lat' dir='ltr'><strong>quod</strong></span> <span class='ocrx_word' id='word_1_122' title='bbox 642 1927 734 1984; x_wconf 86' lang='lat' dir='ltr'><strong>sciam</strong></span> <span class='ocrx_word' id='word_1_123' title='bbox 756 1926 866 1985; x_wconf 89' lang='lat' dir='ltr'><strong>mentio</strong></span> <span class='ocrx_word' id='word_1_124' title='bbox 887 1944 947 1984; x_wconf 91' lang='lat' dir='ltr'><strong>non</strong></span> <span class='ocrx_word' id='word_1_125' title='bbox 967 1927 1014 1997; x_wconf 87' lang='lat' dir='ltr'><strong>fit,</strong></span> <span class='ocrx_word' id='word_1_126' title='bbox 1041 1933 1271 1984; x_wconf 86' lang='lat' dir='ltr'><strong>consentaneum</strong></span> <span class='ocrx_word' id='word_1_127' title='bbox 1295 1933 1342 1982; x_wconf 90' lang='lat' dir='ltr'><strong>est</strong></span> <span class='ocrx_word' id='word_1_128' title='bbox 1363 1931 1499 1999; x_wconf 90' lang='lat' dir='ltr'><strong>coeptum</strong></span> <span class='ocrx_word' id='word_1_129' title='bbox 1522 1941 1541 1980; x_wconf 92' lang='lat' dir='ltr'><strong>a</strong></span> <span class='ocrx_word' id='word_1_130' title='bbox 1562 1922 1688 1997; x_wconf 88' lang='lat' dir='ltr'><strong>praesti·</strong></span> 
     </span>
     <span class='ocr_line' id='line_1_15' title="bbox 356 2023 1687 2103; baseline -0.002 -21"><span class='ocrx_word' id='word_1_131' title='bbox 356 2025 524 2102; x_wconf 83' lang='lat' dir='ltr'><strong>giatoribus</strong></span> <span class='ocrx_word' id='word_1_132' title='bbox 556 2025 738 2084; x_wconf 88' lang='lat' dir='ltr'><strong>condicionis</strong></span> <span class='ocrx_word' id='word_1_133' title='bbox 765 2026 941 2103; x_wconf 82' lang='lat' dir='ltr'><strong>peregrinae</strong></span> <span class='ocrx_word' id='word_1_134' title='bbox 968 2033 1074 2102; x_wconf 89' lang='lat' dir='ltr'><strong>postea</strong></span> <span class='ocrx_word' id='word_1_135' title='bbox 1103 2025 1221 2082; x_wconf 88' lang='lat' dir='ltr'><strong>demum</strong></span> <span class='ocrx_word' id='word_1_136' title='bbox 1248 2034 1444 2100; x_wconf 89' lang='lat' dir='ltr'><strong>propagatum</strong></span> <span class='ocrx_word' id='word_1_137' title='bbox 1475 2041 1545 2082; x_wconf 90' lang='lat' dir='ltr'><strong>esse</strong></span> <span class='ocrx_word' id='word_1_138' title='bbox 1570 2023 1608 2080; x_wconf 92' lang='lat' dir='ltr'><strong>ad</strong></span> <span class='ocrx_word' id='word_1_139' title='bbox 1635 2039 1687 2080; x_wconf 86' lang='lat' dir='ltr'><strong>eoa</strong></span> 
     </span>
     <span class='ocr_line' id='line_1_16' title="bbox 357 2121 1687 2203; baseline -0.002 -21"><span class='ocrx_word' id='word_1_140' title='bbox 357 2125 408 2200; x_wconf 90' lang='lat' dir='ltr'><strong>qui</strong></span> <span class='ocrx_word' id='word_1_141' title='bbox 437 2143 497 2182; x_wconf 92' lang='lat' dir='ltr'><strong>non</strong></span> <span class='ocrx_word' id='word_1_142' title='bbox 525 2133 648 2201; x_wconf 83' lang='lat' dir='ltr'><strong>propter</strong></span> <span class='ocrx_word' id='word_1_143' title='bbox 674 2127 782 2202; x_wconf 89' lang='lat' dir='ltr'><strong>stipem</strong></span> <span class='ocrx_word' id='word_1_144' title='bbox 811 2127 929 2203; x_wconf 89' lang='lat' dir='ltr'><strong>publice</strong></span> <span class='ocrx_word' id='word_1_145' title='bbox 957 2126 1101 2184; x_wconf 85' lang='lat' dir='ltr'><strong>luderent.</strong></span> <span class='ocrx_word' id='word_1_146' title='bbox 1151 2123 1211 2185; x_wconf 90' lang='lat' dir='ltr'><strong>Sed</strong></span> <span class='ocrx_word' id='word_1_147' title='bbox 1240 2144 1300 2183; x_wconf 91' lang='lat' dir='ltr'><strong>non</strong></span> <span class='ocrx_word' id='word_1_148' title='bbox 1328 2124 1402 2183; x_wconf 87' lang='lat' dir='ltr'><strong>satis</strong></span> <span class='ocrx_word' id='word_1_149' title='bbox 1430 2130 1477 2180; x_wconf 87' lang='lat' dir='ltr'><strong>est</strong></span> <span class='ocrx_word' id='word_1_150' title='bbox 1504 2125 1584 2199; x_wconf 93' lang='lat' dir='ltr'><strong>quod</strong></span> <span class='ocrx_word' id='word_1_151' title='bbox 1605 2121 1687 2181; x_wconf 87' lang='lat' dir='ltr'><strong>Urso</strong></span> 
     </span>
     <span class='ocr_line' id='line_1_17' title="bbox 358 2224 1688 2304; baseline -0.002 -22"><span class='ocrx_word' id='word_1_152' title='bbox 358 2233 460 2301; x_wconf 79' lang='lat' dir='ltr'><strong>togam</strong></span> <span class='ocrx_word' id='word_1_153' title='bbox 481 2224 700 2284; x_wconf 88' lang='lat' dir='ltr'><strong>vindicavimus</strong></span> <span class='ocrx_word' id='word_1_154' title='bbox 728 2246 783 2302; x_wconf 89' lang='lat' dir='ltr'><strong>pro</strong></span> <span class='ocrx_word' id='word_1_155' title='bbox 809 2227 986 2304; x_wconf 89' lang='lat' dir='ltr'><strong>cognomine</strong></span> <span class='ocrx_word' id='word_1_156' title='bbox 1013 2227 1091 2284; x_wconf 89' lang='lat' dir='ltr'><strong>male</strong></span> <span class='ocrx_word' id='word_1_157' title='bbox 1118 2226 1145 2284; x_wconf 93' lang='lat' dir='ltr'><strong>ei</strong></span> <span class='ocrx_word' id='word_1_158' title='bbox 1171 2227 1310 2296; x_wconf 81' lang='lat' dir='ltr'><strong>obtrus03</strong></span> <span class='ocrx_word' id='word_1_159' title='bbox 1340 2225 1512 2282; x_wconf 89' lang='lat' dir='ltr'><strong>liberandus</strong></span> <span class='ocrx_word' id='word_1_160' title='bbox 1534 2233 1581 2282; x_wconf 89' lang='lat' dir='ltr'><strong>est</strong></span> <span class='ocrx_word' id='word_1_161' title='bbox 1601 2241 1688 2298; x_wconf 89' lang='lat' dir='ltr'><strong>prae·</strong></span> 
     </span>
     <span class='ocr_line' id='line_1_18' title="bbox 359 2323 1689 2401; baseline 0.001 -20"><span class='ocrx_word' id='word_1_162' title='bbox 359 2333 441 2383; x_wconf 89' lang='lat' dir='ltr'><strong>terea</strong></span> <span class='ocrx_word' id='word_1_163' title='bbox 468 2344 486 2383; x_wconf 92' lang='lat' dir='ltr'><strong>a</strong></span> <span class='ocrx_word' id='word_1_164' title='bbox 512 2327 630 2384; x_wconf 90' lang='lat' dir='ltr'><strong>macula</strong></span> <span class='ocrx_word' id='word_1_165' title='bbox 655 2326 867 2386; x_wconf 86' lang='lat' dir='ltr'><strong>libertinitatis.</strong></span> <span class='ocrx_word' id='word_1_166' title='bbox 915 2327 1003 2385; x_wconf 87' lang='lat' dir='ltr'><strong>Hanc</strong></span> <span class='ocrx_word' id='word_1_167' title='bbox 1030 2327 1058 2384; x_wconf 86' lang='lat' dir='ltr'><strong>ei</strong></span> <span class='ocrx_word' id='word_1_168' title='bbox 1085 2326 1258 2386; x_wconf 89' lang='lat' dir='ltr'><strong>indiderunt</strong></span> <span class='ocrx_word' id='word_1_169' title='bbox 1286 2332 1445 2401; x_wconf 90' lang='lat' dir='ltr'><strong>propterea</strong></span> <span class='ocrx_word' id='word_1_170' title='bbox 1473 2325 1555 2399; x_wconf 91' lang='lat' dir='ltr'><strong>quod</strong></span> <span class='ocrx_word' id='word_1_171' title='bbox 1576 2323 1689 2383; x_wconf 90' lang='lat' dir='ltr'><strong>Verum</strong></span> 
     </span>
     <span class='ocr_line' id='line_1_19' title="bbox 359 2425 1688 2504; baseline 0 -22"><span class='ocrx_word' id='word_1_172' title='bbox 359 2431 404 2482; x_wconf 88' lang='lat' dir='ltr'><strong>ter</strong></span> <span class='ocrx_word' id='word_1_173' title='bbox 430 2425 598 2497; x_wconf 91' lang='lat' dir='ltr'><strong>consulem,</strong></span> <span class='ocrx_word' id='word_1_174' title='bbox 625 2426 764 2502; x_wconf 86' lang='lat' dir='ltr'><strong>quisquis</strong></span> <span class='ocrx_word' id='word_1_175' title='bbox 786 2427 856 2499; x_wconf 85' lang='lat' dir='ltr'><strong>fuit,</strong></span> <span class='ocrx_word' id='word_1_176' title='bbox 879 2437 1038 2504; x_wconf 90' lang='lat' dir='ltr'><strong>patronum</strong></span> <span class='ocrx_word' id='word_1_177' title='bbox 1059 2427 1207 2502; x_wconf 89' lang='lat' dir='ltr'><strong>appellat;</strong></span> <span class='ocrx_word' id='word_1_178' title='bbox 1235 2435 1267 2484; x_wconf 90' lang='lat' dir='ltr'><strong>at</strong></span> <span class='ocrx_word' id='word_1_179' title='bbox 1288 2427 1315 2484; x_wconf 88' lang='lat' dir='ltr'><strong>si</strong></span> <span class='ocrx_word' id='word_1_180' title='bbox 1339 2425 1476 2483; x_wconf 88' lang='lat' dir='ltr'><strong>Volteius</strong></span> <span class='ocrx_word' id='word_1_181' title='bbox 1497 2425 1588 2484; x_wconf 90' lang='lat' dir='ltr'><strong>Mena</strong></span> <span class='ocrx_word' id='word_1_182' title='bbox 1609 2425 1688 2501; x_wconf 89' lang='lat' dir='ltr'><strong>apud</strong></span> 
     </span>
     <span class='ocr_line' id='line_1_20' title="bbox 359 2523 1688 2605; baseline 0.001 -23"><span class='ocrx_word' id='word_1_183' title='bbox 359 2523 519 2586; x_wconf 80' lang='lat' dir='ltr'><strong>Horatium</strong></span> <span class='ocrx_word' id='word_1_184' title='bbox 535 2523 596 2600; x_wconf 90' lang='lat' dir='ltr'><strong>(ep.</strong></span> <span class='ocrx_word' id='word_1_185' title='bbox 615 2527 642 2598; x_wconf 89' lang='lat' dir='ltr'><strong>l,</strong></span> <span class='ocrx_word' id='word_1_186' title='bbox 658 2526 687 2598; x_wconf 82' lang='lat'><strong>7,</strong></span> <span class='ocrx_word' id='word_1_187' title='bbox 703 2525 756 2602; x_wconf 80' lang='lat'><strong>92)</strong></span> <span class='ocrx_word' id='word_1_188' title='bbox 772 2527 954 2605; x_wconf 89' lang='lat' dir='ltr'><strong>Philippum,</strong></span> <span class='ocrx_word' id='word_1_189' title='bbox 977 2529 1061 2586; x_wconf 89' lang='lat' dir='ltr'><strong>cuius</strong></span> <span class='ocrx_word' id='word_1_190' title='bbox 1076 2527 1170 2585; x_wconf 91' lang='lat' dir='ltr'><strong>cliens</strong></span> <span class='ocrx_word' id='word_1_191' title='bbox 1185 2526 1249 2597; x_wconf 86' lang='lat' dir='ltr'><strong>suit,</strong></span> <span class='ocrx_word' id='word_1_192' title='bbox 1272 2544 1332 2584; x_wconf 91' lang='lat' dir='ltr'><strong>nou</strong></span> <span class='ocrx_word' id='word_1_193' title='bbox 1346 2525 1481 2596; x_wconf 90' lang='lat' dir='ltr'><strong>libertus,</strong></span> <span class='ocrx_word' id='word_1_194' title='bbox 1502 2525 1620 2601; x_wconf 89' lang='lat' dir='ltr'><strong>patroni</strong></span> <span class='ocrx_word' id='word_1_195' title='bbox 1635 2543 1688 2583; x_wconf 93' lang='lat' dir='ltr'><strong>no·</strong></span> 
     </span>
     <span class='ocr_line' id='line_1_21' title="bbox 359 2624 1688 2702; baseline -0.002 -18"><span class='ocrx_word' id='word_1_196' title='bbox 359 2625 438 2684; x_wconf 88' lang='lat' dir='ltr'><strong>mine</strong></span> <span class='ocrx_word' id='word_1_197' title='bbox 459 2625 640 2700; x_wconf 89' lang='lat' dir='ltr'><strong>adloquitur,</strong></span> <span class='ocrx_word' id='word_1_198' title='bbox 662 2627 766 2702; x_wconf 92' lang='lat' dir='ltr'><strong>quidni</strong></span> <span class='ocrx_word' id='word_1_199' title='bbox 788 2628 926 2686; x_wconf 91' lang='lat' dir='ltr'><strong>similiter</strong></span> <span class='ocrx_word' id='word_1_200' title='bbox 946 2627 1044 2687; x_wconf 89' lang='lat' dir='ltr'><strong>Ursus</strong></span> <span class='ocrx_word' id='word_1_201' title='bbox 1066 2627 1151 2701; x_wconf 90' lang='lat' dir='ltr'><strong>loqui</strong></span> <span class='ocrx_word' id='word_1_202' title='bbox 1172 2625 1270 2702; x_wconf 92' lang='lat' dir='ltr'><strong>potuit</strong></span> <span class='ocrx_word' id='word_1_203' title='bbox 1291 2626 1328 2682; x_wconf 91' lang='lat' dir='ltr'><strong>de</strong></span> <span class='ocrx_word' id='word_1_204' title='bbox 1342 2626 1424 2684; x_wconf 90' lang='lat' dir='ltr'><strong>Vero</strong></span> <span class='ocrx_word' id='word_1_205' title='bbox 1447 2643 1519 2683; x_wconf 86' lang='lat' dir='ltr'><strong>sene</strong></span> <span class='ocrx_word' id='word_1_206' title='bbox 1540 2624 1688 2684; x_wconf 86' lang='lat' dir='ltr'><strong>ditissimo</strong></span> 
     </span>
     <span class='ocr_line' id='line_1_22' title="bbox 360 2724 1690 2802; baseline 0.001 -19"><span class='ocrx_word' id='word_1_207' title='bbox 360 2735 390 2783; x_wconf 91' lang='lat' dir='ltr'><strong>et</strong></span> <span class='ocrx_word' id='word_1_208' title='bbox 417 2726 646 2802; x_wconf 78' lang='lat' dir='ltr'><strong>potentissimo?</strong></span> <span class='ocrx_word' id='word_1_209' title='bbox 691 2725 779 2800; x_wconf 81' lang='lat' dir='ltr'><strong>Quod</strong></span> <span class='ocrx_word' id='word_1_210' title='bbox 808 2729 835 2786; x_wconf 88' lang='lat' dir='ltr'><strong>si</strong></span> <span class='ocrx_word' id='word_1_211' title='bbox 859 2728 1064 2787; x_wconf 87' lang='lat' dir='ltr'><strong>libertinitatis</strong></span> <span class='ocrx_word' id='word_1_212' title='bbox 1090 2727 1269 2784; x_wconf 87' lang='lat' dir='ltr'><strong>documenta</strong></span> <span class='ocrx_word' id='word_1_213' title='bbox 1293 2724 1377 2783; x_wconf 93' lang='lat' dir='ltr'><strong>nulla</strong></span> <span class='ocrx_word' id='word_1_214' title='bbox 1401 2725 1432 2783; x_wconf 91' lang='lat' dir='ltr'><strong>in</strong></span> <span class='ocrx_word' id='word_1_215' title='bbox 1454 2726 1587 2784; x_wconf 90' lang='lat' dir='ltr'><strong>carmine</strong></span> <span class='ocrx_word' id='word_1_216' title='bbox 1607 2725 1690 2784; x_wconf 90' lang='lat' dir='ltr'><strong>inve·</strong></span> 
     </span>
     <span class='ocr_line' id='line_1_23' title="bbox 360 2825 1690 2906; baseline 0 -24"><span class='ocrx_word' id='word_1_217' title='bbox 360 2827 494 2897; x_wconf 90' lang='lat' dir='ltr'><strong>niuntur,</strong></span> <span class='ocrx_word' id='word_1_218' title='bbox 520 2827 732 2902; x_wconf 86' lang='lat' dir='ltr'><strong>ingenuitatem</strong></span> <span class='ocrx_word' id='word_1_219' title='bbox 759 2829 858 2904; x_wconf 87' lang='lat' dir='ltr'><strong>arguit</strong></span> <span class='ocrx_word' id='word_1_220' title='bbox 882 2830 981 2906; x_wconf 90' lang='lat' dir='ltr'><strong>ipsum</strong></span> <span class='ocrx_word' id='word_1_221' title='bbox 1003 2845 1177 2904; x_wconf 86' lang='lat' dir='ltr'><strong>cognomen.</strong></span> <span class='ocrx_word' id='word_1_222' title='bbox 1219 2825 1298 2883; x_wconf 91' lang='lat' dir='ltr'><strong>Nam</strong></span> <span class='ocrx_word' id='word_1_223' title='bbox 1319 2825 1417 2884; x_wconf 86' lang='lat' dir='ltr'><strong>Ursus</strong></span> <span class='ocrx_word' id='word_1_224' title='bbox 1439 2835 1499 2883; x_wconf 89' lang='lat' dir='ltr'><strong>tam</strong></span> <span class='ocrx_word' id='word_1_225' title='bbox 1522 2825 1690 2884; x_wconf 89' lang='lat' dir='ltr'><strong>senatoriae</strong></span> 
     </span>
     <span class='ocr_line' id='line_1_24' title="bbox 361 2925 1689 3003; baseline 0 -19"><span class='ocrx_word' id='word_1_226' title='bbox 361 2939 451 2999; x_wconf 85' lang='lat' dir='ltr'><strong>quam</strong></span> <span class='ocrx_word' id='word_1_227' title='bbox 476 2927 624 3000; x_wconf 86' lang='lat' dir='ltr'><strong>equestris</strong></span> <span class='ocrx_word' id='word_1_228' title='bbox 651 2929 833 2986; x_wconf 90' lang='lat' dir='ltr'><strong>condicionis</strong></span> <span class='ocrx_word' id='word_1_229' title='bbox 855 2948 914 2987; x_wconf 89' lang='lat' dir='ltr'><strong>non</strong></span> <span class='ocrx_word' id='word_1_230' title='bbox 939 2929 983 2986; x_wconf 92' lang='lat' dir='ltr'><strong>ita</strong></span> <span class='ocrx_word' id='word_1_231' title='bbox 1003 2945 1117 3003; x_wconf 89' lang='lat' dir='ltr'><strong>paucos</strong></span> <span class='ocrx_word' id='word_1_232' title='bbox 1138 2927 1273 3003; x_wconf 85' lang='lat' dir='ltr'><strong>repperi3</strong></span> <span class='ocrx_word' id='word_1_233' title='bbox 1301 2925 1471 2984; x_wconf 90' lang='lat' dir='ltr'><strong>libertinum</strong></span> <span class='ocrx_word' id='word_1_234' title='bbox 1494 2925 1536 2982; x_wconf 90' lang='lat' dir='ltr'><strong>ita</strong></span> <span class='ocrx_word' id='word_1_235' title='bbox 1557 2925 1689 3001; x_wconf 88' lang='lat' dir='ltr'><strong>appella·</strong></span> 
     </span>
     <span class='ocr_line' id='line_1_25' title="bbox 363 3014 1724 3104; baseline -0.001 -22"><span class='ocrx_word' id='word_1_236' title='bbox 363 3033 424 3082; x_wconf 90' lang='lat' dir='ltr'><strong>tum</strong></span> <span class='ocrx_word' id='word_1_237' title='bbox 447 3014 507 3084; x_wconf 84' lang='lat' dir='ltr'><strong>non</strong></span> <span class='ocrx_word' id='word_1_238' title='bbox 529 3027 655 3085; x_wconf 90' lang='lat' dir='ltr'><strong>inveniri</strong></span> <span class='ocrx_word' id='word_1_239' title='bbox 677 3047 858 3104; x_wconf 87' lang='lat' dir='ltr'><strong>quamquam</strong></span> <span class='ocrx_word' id='word_1_240' title='bbox 880 3029 1001 3087; x_wconf 90' lang='lat' dir='ltr'><strong>minime</strong></span> <span class='ocrx_word' id='word_1_241' title='bbox 1022 3027 1170 3086; x_wconf 87' lang='lat' dir='ltr'><strong>contendo</strong></span> <span class='ocrx_word' id='word_1_242' title='bbox 1192 3025 1303 3102; x_wconf 84' lang='lat' dir='ltr'><strong>(neque</strong></span> <span class='ocrx_word' id='word_1_243' title='bbox 1325 3014 1403 3084; x_wconf 87' lang='lat' dir='ltr'><strong>enim</strong></span> <span class='ocrx_word' id='word_1_244' title='bbox 1425 3027 1463 3084; x_wconf 95' lang='lat' dir='ltr'><strong>ab</strong></span> <span class='ocrx_word' id='word_1_245' title='bbox 1484 3027 1624 3084; x_wconf 89' lang='lat' dir='ltr'><strong>hesterno</strong></span> <span class='ocrx_word' id='word_1_246' title='bbox 1640 3025 1688 3084; x_wconf 88' lang='lat' dir='ltr'><strong>de·</strong></span> <span class='ocrx_word' id='word_1_247' title='bbox 1719 3073 1724 3080; x_wconf 90' lang='lat'><strong>.</strong></span> 
     </span>
     <span class='ocr_line' id='line_1_26' title="bbox 362 3125 1690 3204; baseline 0.001 -21"><span class='ocrx_word' id='word_1_248' title='bbox 362 3145 441 3184; x_wconf 90' lang='lat' dir='ltr'><strong>mum</strong></span> <span class='ocrx_word' id='word_1_249' title='bbox 467 3126 515 3184; x_wconf 92' lang='lat' dir='ltr'><strong>die</strong></span> <span class='ocrx_word' id='word_1_250' title='bbox 536 3127 568 3184; x_wconf 90' lang='lat' dir='ltr'><strong>in</strong></span> <span class='ocrx_word' id='word_1_251' title='bbox 589 3126 647 3186; x_wconf 89' lang='lat' dir='ltr'><strong>ho&#39;o</strong></span> <span class='ocrx_word' id='word_1_252' title='bbox 669 3146 800 3203; x_wconf 89' lang='lat' dir='ltr'><strong>aequore</strong></span> <span class='ocrx_word' id='word_1_253' title='bbox 821 3130 960 3204; x_wconf 85' lang='lat' dir='ltr'><strong>navigo),</strong></span> <span class='ocrx_word' id='word_1_254' title='bbox 986 3129 1043 3186; x_wconf 87' lang='lat' dir='ltr'><strong>hoo</strong></span> <span class='ocrx_word' id='word_1_255' title='bbox 1064 3128 1131 3185; x_wconf 88' lang='lat' dir='ltr'><strong>dieo</strong></span> <span class='ocrx_word' id='word_1_256' title='bbox 1152 3127 1332 3186; x_wconf 89' lang='lat' dir='ltr'><strong>vocabulum</strong></span> <span class='ocrx_word' id='word_1_257' title='bbox 1353 3145 1450 3203; x_wconf 89' lang='lat' dir='ltr'><strong>neque</strong></span> <span class='ocrx_word' id='word_1_258' title='bbox 1473 3125 1690 3186; x_wconf 84' lang='lat' dir='ltr'><strong>Graecanicum</strong></span> 
     </span>
     <span class='ocr_line' id='line_1_27' title="bbox 362 3226 1690 3304; baseline 0 -20"><span class='ocrx_word' id='word_1_259' title='bbox 362 3244 430 3284; x_wconf 86' lang='lat' dir='ltr'><strong>esse</strong></span> <span class='ocrx_word' id='word_1_260' title='bbox 456 3247 553 3303; x_wconf 89' lang='lat' dir='ltr'><strong>neque</strong></span> <span class='ocrx_word' id='word_1_261' title='bbox 580 3247 618 3284; x_wconf 86' lang='lat' dir='ltr'><strong>ex</strong></span> <span class='ocrx_word' id='word_1_262' title='bbox 645 3228 763 3286; x_wconf 88' lang='lat' dir='ltr'><strong>Latinis</strong></span> <span class='ocrx_word' id='word_1_263' title='bbox 790 3229 829 3286; x_wconf 92' lang='lat' dir='ltr'><strong>iis</strong></span> <span class='ocrx_word' id='word_1_264' title='bbox 856 3245 933 3304; x_wconf 87' lang='lat' dir='ltr'><strong>quae</strong></span> <span class='ocrx_word' id='word_1_265' title='bbox 962 3245 1035 3286; x_wconf 89' lang='lat' dir='ltr'><strong>usus</strong></span> <span class='ocrx_word' id='word_1_266' title='bbox 1061 3226 1256 3287; x_wconf 87' lang='lat' dir='ltr'><strong>Graecanicis</strong></span> <span class='ocrx_word' id='word_1_267' title='bbox 1284 3227 1424 3302; x_wconf 89' lang='lat' dir='ltr'><strong>aequavit</strong></span> <span class='ocrx_word' id='word_1_268' title='bbox 1445 3237 1475 3285; x_wconf 89' lang='lat' dir='ltr'><strong>et</strong></span> <span class='ocrx_word' id='word_1_269' title='bbox 1496 3227 1615 3284; x_wconf 90' lang='lat' dir='ltr'><strong>omnino</strong></span> <span class='ocrx_word' id='word_1_270' title='bbox 1636 3245 1690 3285; x_wconf 88' lang='lat' dir='ltr'><strong>no·</strong></span> 
     </span>
     <span class='ocr_line' id='line_1_28' title="bbox 363 3326 1690 3404; baseline 0.003 -22"><span class='ocrx_word' id='word_1_271' title='bbox 363 3345 431 3384; x_wconf 87' lang='lat' dir='ltr'><strong>men</strong></span> <span class='ocrx_word' id='word_1_272' title='bbox 458 3343 539 3395; x_wconf 84' lang='lat' dir='ltr'><strong>esse,</strong></span> <span class='ocrx_word' id='word_1_273' title='bbox 566 3335 600 3382; x_wconf 91' lang='lat' dir='ltr'><strong>ut</strong></span> <span class='ocrx_word' id='word_1_274' title='bbox 627 3326 669 3383; x_wconf 91' lang='lat' dir='ltr'><strong>ait</strong></span> <span class='ocrx_word' id='word_1_275' title='bbox 691 3326 814 3385; x_wconf 87' lang='lat' dir='ltr'><strong>Tacitus</strong></span> <span class='ocrx_word' id='word_1_276' title='bbox 842 3327 931 3402; x_wconf 89' lang='lat' dir='ltr'><strong>(hist.</strong></span> <span class='ocrx_word' id='word_1_277' title='bbox 951 3328 1066 3403; x_wconf 87' lang='lat'><strong>1,13),</strong></span> <span class='ocrx_word' id='word_1_278' title='bbox 1094 3337 1240 3404; x_wconf 86' lang='lat' dir='ltr'><strong>equestre.</strong></span> <span class='ocrx_word' id='word_1_279' title='bbox 1284 3327 1422 3402; x_wconf 87' lang='lat' dir='ltr'><strong>Denique</strong></span> <span class='ocrx_word' id='word_1_280' title='bbox 1448 3333 1480 3384; x_wconf 91' lang='lat' dir='ltr'><strong>ut</strong></span> <span class='ocrx_word' id='word_1_281' title='bbox 1505 3328 1546 3384; x_wconf 89' lang='lat' dir='ltr'><strong>M.</strong></span> <span class='ocrx_word' id='word_1_282' title='bbox 1573 3327 1690 3386; x_wconf 86' lang='lat' dir='ltr'><strong>Annius</strong></span> 
     </span>
     <span class='ocr_line' id='line_1_29' title="bbox 364 3425 1691 3506; baseline 0.004 -25"><span class='ocrx_word' id='word_1_283' title='bbox 364 3425 463 3484; x_wconf 90' lang='lat' dir='ltr'><strong>Verus</strong></span> <span class='ocrx_word' id='word_1_284' title='bbox 495 3425 659 3502; x_wconf 89' lang='lat' dir='ltr'><strong>splendidis</strong></span> <span class='ocrx_word' id='word_1_285' title='bbox 685 3428 835 3486; x_wconf 86' lang='lat' dir='ltr'><strong>natalibus</strong></span> <span class='ocrx_word' id='word_1_286' title='bbox 861 3435 944 3486; x_wconf 87' lang='lat' dir='ltr'><strong>ortua</strong></span> <span class='ocrx_word' id='word_1_287' title='bbox 970 3428 1000 3485; x_wconf 90' lang='lat' dir='ltr'><strong>in</strong></span> <span class='ocrx_word' id='word_1_288' title='bbox 1028 3447 1148 3506; x_wconf 83' lang='lat' dir='ltr'><strong>gregem</strong></span> <span class='ocrx_word' id='word_1_289' title='bbox 1175 3445 1302 3502; x_wconf 91' lang='lat' dir='ltr'><strong>quocum</strong></span> <span class='ocrx_word' id='word_1_290' title='bbox 1329 3427 1431 3486; x_wconf 89' lang='lat' dir='ltr'><strong>ludere</strong></span> <span class='ocrx_word' id='word_1_291' title='bbox 1458 3427 1575 3486; x_wconf 88' lang='lat' dir='ltr'><strong>solebat</strong></span> <span class='ocrx_word' id='word_1_292' title='bbox 1601 3428 1691 3486; x_wconf 85' lang='lat' dir='ltr'><strong>etiarn</strong></span> 
     </span>
     <span class='ocr_line' id='line_1_30' title="bbox 362 3525 1691 3604; baseline 0.003 -22"><span class='ocrx_word' id='word_1_293' title='bbox 362 3525 512 3584; x_wconf 86' lang='lat' dir='ltr'><strong>inferioris</strong></span> <span class='ocrx_word' id='word_1_294' title='bbox 534 3527 647 3584; x_wconf 87' lang='lat' dir='ltr'><strong>ordinis</strong></span> <span class='ocrx_word' id='word_1_295' title='bbox 670 3527 807 3586; x_wconf 90' lang='lat' dir='ltr'><strong>homiues</strong></span> <span class='ocrx_word' id='word_1_296' title='bbox 828 3527 991 3600; x_wconf 90' lang='lat' dir='ltr'><strong>admiserit,</strong></span> <span class='ocrx_word' id='word_1_297' title='bbox 1017 3547 1085 3586; x_wconf 90' lang='lat' dir='ltr'><strong>cum</strong></span> <span class='ocrx_word' id='word_1_298' title='bbox 1107 3527 1304 3604; x_wconf 86' lang='lat' dir='ltr'><strong>sphaeristica</strong></span> <span class='ocrx_word' id='word_1_299' title='bbox 1324 3529 1401 3586; x_wconf 88' lang='lat' dir='ltr'><strong>inter</strong></span> <span class='ocrx_word' id='word_1_300' title='bbox 1422 3528 1589 3586; x_wconf 89' lang='lat' dir='ltr'><strong>senatorias</strong></span> <span class='ocrx_word' id='word_1_301' title='bbox 1611 3535 1691 3586; x_wconf 87' lang='lat' dir='ltr'><strong>artes</strong></span> 
     </span>
    </p>
   </div>
   <div class='ocr_carea' id='block_1_3' title="bbox 280 3628 1692 3704">
    <p class='ocr_par' dir='ltr' id='par_1_4' title="bbox 280 3628 1692 3704">
     <span class='ocr_line' id='line_1_31' title="bbox 280 3628 1692 3704; baseline 0.003 -21"><span class='ocrx_word' id='word_1_302' title='bbox 280 3644 284 3654; x_wconf 94' lang='lat'>·</span> <span class='ocrx_word' id='word_1_303' title='bbox 364 3632 444 3684; x_wconf 89' lang='lat' dir='ltr'><strong>carte</strong></span> <span class='ocrx_word' id='word_1_304' title='bbox 471 3645 532 3684; x_wconf 90' lang='lat' dir='ltr'><strong>non</strong></span> <span class='ocrx_word' id='word_1_305' title='bbox 561 3634 746 3697; x_wconf 88' lang='lat' dir='ltr'><strong>numeretur,</strong></span> <span class='ocrx_word' id='word_1_306' title='bbox 774 3635 872 3687; x_wconf 85' lang='lat' dir='ltr'><strong>tamen</strong></span> <span class='ocrx_word' id='word_1_307' title='bbox 898 3630 976 3687; x_wconf 91' lang='lat' dir='ltr'><strong>iuter</strong></span> <span class='ocrx_word' id='word_1_308' title='bbox 1004 3629 1160 3688; x_wconf 87' lang='lat' dir='ltr'><strong>libertinos</strong></span> <span class='ocrx_word' id='word_1_309' title='bbox 1186 3648 1253 3686; x_wconf 90' lang='lat' dir='ltr'><strong>eum</strong></span> <span class='ocrx_word' id='word_1_310' title='bbox 1280 3629 1395 3686; x_wconf 89' lang='lat' dir='ltr'><strong>socium</strong></span> <span class='ocrx_word' id='word_1_311' title='bbox 1422 3628 1478 3686; x_wconf 91' lang='lat' dir='ltr'><strong>sibi</strong></span> <span class='ocrx_word' id='word_1_312' title='bbox 1506 3629 1692 3704; x_wconf 84' lang='lat' dir='ltr'><strong>quaesivisse</strong></span> 
     </span>
    </p>
   </div>
   <div class='ocr_carea' id='block_1_4' title="bbox 364 3725 1695 5012">
    <p class='ocr_par' dir='ltr' id='par_1_5' title="bbox 364 3725 1461 3804">
     <span class='ocr_line' id='line_1_32' title="bbox 364 3725 1461 3804; baseline 0.004 -22"><span class='ocrx_word' id='word_1_313' title='bbox 364 3725 545 3783; x_wconf 88' lang='lat' dir='ltr'><strong>christianae</strong></span> <span class='ocrx_word' id='word_1_314' title='bbox 566 3727 662 3802; x_wconf 87' lang='lat' dir='ltr'><strong>magis</strong></span> <span class='ocrx_word' id='word_1_315' title='bbox 684 3727 844 3786; x_wconf 89' lang='lat' dir='ltr'><strong>humilitati</strong></span> <span class='ocrx_word' id='word_1_316' title='bbox 865 3729 1005 3788; x_wconf 90' lang='lat' dir='ltr'><strong>convenit</strong></span> <span class='ocrx_word' id='word_1_317' title='bbox 1025 3748 1115 3804; x_wconf 90' lang='lat' dir='ltr'><strong>quam</strong></span> <span class='ocrx_word' id='word_1_318' title='bbox 1136 3729 1277 3804; x_wconf 84' lang='lat' dir='ltr'><strong>gravitati</strong></span> <span class='ocrx_word' id='word_1_319' title='bbox 1299 3727 1461 3786; x_wconf 87' lang='lat' dir='ltr'><strong>Romanae.</strong></span> 
     </span>
    </p>

    <p class='ocr_par' dir='ltr' id='par_1_6' title="bbox 364 3825 1695 5012">
     <span class='ocr_line' id='line_1_33' title="bbox 448 3825 1691 3906; baseline 0.003 -24"><span class='ocrx_word' id='word_1_320' title='bbox 448 3825 550 3884; x_wconf 88' lang='lat' dir='ltr'><strong>Unum</strong></span> <span class='ocrx_word' id='word_1_321' title='bbox 571 3835 718 3902; x_wconf 90' lang='lat' dir='ltr'><strong>superest,</strong></span> <span class='ocrx_word' id='word_1_322' title='bbox 740 3829 818 3904; x_wconf 92' lang='lat' dir='ltr'><strong>quod</strong></span> <span class='ocrx_word' id='word_1_323' title='bbox 841 3830 1013 3906; x_wconf 86' lang='lat' dir='ltr'><strong>scrupulum</strong></span> <span class='ocrx_word' id='word_1_324' title='bbox 1028 3839 1156 3900; x_wconf 84' lang='lat' dir='ltr'><strong>moveat,</strong></span> <span class='ocrx_word' id='word_1_325' title='bbox 1178 3829 1324 3904; x_wconf 88' lang='lat' dir='ltr'><strong>apotheca</strong></span> <span class='ocrx_word' id='word_1_326' title='bbox 1338 3829 1494 3900; x_wconf 88' lang='lat' dir='ltr'><strong>dominica,</strong></span> <span class='ocrx_word' id='word_1_327' title='bbox 1517 3847 1576 3904; x_wconf 90' lang='lat' dir='ltr'><strong>qua</strong></span> <span class='ocrx_word' id='word_1_328' title='bbox 1590 3827 1691 3904; x_wconf 90' lang='lat' dir='ltr'><strong>appel-</strong></span> 
     </span>
     <span class='ocr_line' id='line_1_34' title="bbox 364 3927 1693 4005; baseline 0.002 -21"><span class='ocrx_word' id='word_1_329' title='bbox 364 3927 476 3985; x_wconf 90' lang='lat' dir='ltr'><strong>latione</strong></span> <span class='ocrx_word' id='word_1_330' title='bbox 511 3944 583 3986; x_wconf 87' lang='lat' dir='ltr'><strong>sane</strong></span> <span class='ocrx_word' id='word_1_331' title='bbox 613 3929 738 3987; x_wconf 86' lang='lat' dir='ltr'><strong>libertus</strong></span> <span class='ocrx_word' id='word_1_332' title='bbox 767 3931 886 4005; x_wconf 85' lang='lat' dir='ltr'><strong>patroni</strong></span> <span class='ocrx_word' id='word_1_333' title='bbox 914 3931 1021 3989; x_wconf 87' lang='lat' dir='ltr'><strong>cellam</strong></span> <span class='ocrx_word' id='word_1_334' title='bbox 1051 3929 1197 3987; x_wconf 88' lang='lat' dir='ltr'><strong>vinariam</strong></span> <span class='ocrx_word' id='word_1_335' title='bbox 1225 3929 1395 4005; x_wconf 84' lang='lat' dir='ltr'><strong>significare</strong></span> <span class='ocrx_word' id='word_1_336' title='bbox 1423 3929 1535 4004; x_wconf 89' lang='lat' dir='ltr'><strong>potuit;</strong></span> <span class='ocrx_word' id='word_1_337' title='bbox 1567 3928 1624 3986; x_wconf 87' lang='lat' dir='ltr'><strong>etsi</strong></span> <span class='ocrx_word' id='word_1_338' title='bbox 1649 3930 1693 3986; x_wconf 91' lang='lat' dir='ltr'><strong>ita</strong></span> 
     </span>
     <span class='ocr_line' id='line_1_35' title="bbox 364 4028 1692 4106; baseline 0.002 -22"><span class='ocrx_word' id='word_1_339' title='bbox 364 4047 425 4086; x_wconf 90' lang='lat' dir='ltr'><strong>non</strong></span> <span class='ocrx_word' id='word_1_340' title='bbox 454 4028 529 4087; x_wconf 86' lang='lat' dir='ltr'><strong>satis</strong></span> <span class='ocrx_word' id='word_1_341' title='bbox 557 4029 753 4106; x_wconf 85' lang='lat' dir='ltr'><strong>intellegitur,</strong></span> <span class='ocrx_word' id='word_1_342' title='bbox 782 4050 835 4089; x_wconf 91' lang='lat' dir='ltr'><strong>cur</strong></span> <span class='ocrx_word' id='word_1_343' title='bbox 860 4031 999 4088; x_wconf 90' lang='lat' dir='ltr'><strong>libertum</strong></span> <span class='ocrx_word' id='word_1_344' title='bbox 1028 4029 1199 4088; x_wconf 88' lang='lat' dir='ltr'><strong>honoraturi</strong></span> <span class='ocrx_word' id='word_1_345' title='bbox 1228 4030 1345 4104; x_wconf 90' lang='lat' dir='ltr'><strong>patroni</strong></span> <span class='ocrx_word' id='word_1_346' title='bbox 1374 4029 1504 4087; x_wconf 87' lang='lat' dir='ltr'><strong>maxime</strong></span> <span class='ocrx_word' id='word_1_347' title='bbox 1531 4029 1692 4105; x_wconf 88' lang='lat' dir='ltr'><strong>amphoras</strong></span> 
     </span>
     <span class='ocr_line' id='line_1_36' title="bbox 365 4127 1692 4206; baseline 0.002 -21"><span class='ocrx_word' id='word_1_348' title='bbox 365 4129 495 4188; x_wconf 88' lang='lat' dir='ltr'><strong>ebibant.</strong></span> <span class='ocrx_word' id='word_1_349' title='bbox 540 4127 628 4202; x_wconf 80' lang='lat' dir='ltr'><strong>Quod</strong></span> <span class='ocrx_word' id='word_1_350' title='bbox 651 4130 677 4188; x_wconf 93' lang='lat' dir='ltr'><strong>si</strong></span> <span class='ocrx_word' id='word_1_351' title='bbox 697 4130 798 4190; x_wconf 89' lang='lat' dir='ltr'><strong>Ursus</strong></span> <span class='ocrx_word' id='word_1_352' title='bbox 819 4150 880 4188; x_wconf 88' lang='lat' dir='ltr'><strong>uon</strong></span> <span class='ocrx_word' id='word_1_353' title='bbox 901 4130 1057 4189; x_wconf 89' lang='lat' dir='ltr'><strong>libertinus</strong></span> <span class='ocrx_word' id='word_1_354' title='bbox 1078 4129 1149 4200; x_wconf 81' lang='lat' dir='ltr'><strong>suit,</strong></span> <span class='ocrx_word' id='word_1_355' title='bbox 1176 4129 1230 4188; x_wconf 86' lang='lat' dir='ltr'><strong>sed</strong></span> <span class='ocrx_word' id='word_1_356' title='bbox 1251 4131 1412 4206; x_wconf 90' lang='lat' dir='ltr'><strong>ingenuus,</strong></span> <span class='ocrx_word' id='word_1_357' title='bbox 1433 4129 1579 4204; x_wconf 87' lang='lat' dir='ltr'><strong>apotheca</strong></span> <span class='ocrx_word' id='word_1_358' title='bbox 1599 4128 1692 4187; x_wconf 92' lang='lat' dir='ltr'><strong>domi·</strong></span> 
     </span>
     <span class='ocr_line' id='line_1_37' title="bbox 366 4228 1693 4305; baseline 0.003 -21"><span class='ocrx_word' id='word_1_359' title='bbox 366 4228 481 4288; x_wconf 84' lang='lat' dir='ltr'><strong>nicaei</strong></span> <span class='ocrx_word' id='word_1_360' title='bbox 510 4229 596 4287; x_wconf 92' lang='lat' dir='ltr'><strong>nulla</strong></span> <span class='ocrx_word' id='word_1_361' title='bbox 622 4230 680 4288; x_wconf 89' lang='lat' dir='ltr'><strong>dici</strong></span> <span class='ocrx_word' id='word_1_362' title='bbox 709 4231 807 4305; x_wconf 90' lang='lat' dir='ltr'><strong>potuit</strong></span> <span class='ocrx_word' id='word_1_363' title='bbox 834 4231 894 4289; x_wconf 91' lang='lat' dir='ltr'><strong>nisi</strong></span> <span class='ocrx_word' id='word_1_364' title='bbox 920 4230 1125 4304; x_wconf 59' lang='lat' dir='ltr'><strong>imperatorin</strong></span> <span class='ocrx_word' id='word_1_365' title='bbox 1153 4231 1237 4288; x_wconf 90' lang='lat' dir='ltr'><strong>cuius</strong></span> <span class='ocrx_word' id='word_1_366' title='bbox 1265 4247 1446 4305; x_wconf 89' lang='lat' dir='ltr'><strong>quamquam</strong></span> <span class='ocrx_word' id='word_1_367' title='bbox 1474 4228 1574 4286; x_wconf 84' lang='lat' dir='ltr'><strong>claves</strong></span> <span class='ocrx_word' id='word_1_368' title='bbox 1599 4245 1693 4303; x_wconf 86' lang='lat' dir='ltr'><strong>penes</strong></span> 
     </span>
     <span class='ocr_line' id='line_1_38' title="bbox 364 4327 1694 4404; baseline -0.001 -16"><span class='ocrx_word' id='word_1_369' title='bbox 364 4347 433 4388; x_wconf 83' lang='lat' dir='ltr'><strong>eum</strong></span> <span class='ocrx_word' id='word_1_370' title='bbox 459 4328 555 4387; x_wconf 84' lang='lat' dir='ltr'><strong>luisse</strong></span> <span class='ocrx_word' id='word_1_371' title='bbox 582 4331 740 4388; x_wconf 87' lang='lat' dir='ltr'><strong>ostendere</strong></span> <span class='ocrx_word' id='word_1_372' title='bbox 766 4349 882 4404; x_wconf 88' lang='lat' dir='ltr'><strong>nequeo</strong></span> <span class='ocrx_word' id='word_1_373' title='bbox 909 4337 952 4400; x_wconf 89' lang='lat' dir='ltr'><strong>st,</strong></span> <span class='ocrx_word' id='word_1_374' title='bbox 979 4338 1013 4388; x_wconf 90' lang='lat' dir='ltr'><strong>ut</strong></span> <span class='ocrx_word' id='word_1_375' title='bbox 1036 4347 1136 4387; x_wconf 88' lang='lat' dir='ltr'><strong>verum</strong></span> <span class='ocrx_word' id='word_1_376' title='bbox 1164 4329 1274 4400; x_wconf 86' lang='lat' dir='ltr'><strong>fatear,</strong></span> <span class='ocrx_word' id='word_1_377' title='bbox 1301 4329 1339 4387; x_wconf 91' lang='lat' dir='ltr'><strong>ad</strong></span> <span class='ocrx_word' id='word_1_378' title='bbox 1360 4329 1509 4387; x_wconf 88' lang='lat' dir='ltr'><strong>Hadriani</strong></span> <span class='ocrx_word' id='word_1_379' title='bbox 1531 4327 1694 4387; x_wconf 84' lang='lat' dir='ltr'><strong>Falernum</strong></span> 
     </span>
     <span class='ocr_line' id='line_1_39' title="bbox 366 4423 1693 4505; baseline 0.001 -21"><span class='ocrx_word' id='word_1_380' title='bbox 366 4425 478 4485; x_wconf 88' lang='lat' dir='ltr'><strong>Ursum</strong></span> <span class='ocrx_word' id='word_1_381' title='bbox 494 4423 559 4485; x_wconf 85' lang='lat' dir='ltr'><strong>¹non</strong></span> <span class='ocrx_word' id='word_1_382' title='bbox 580 4427 743 4487; x_wconf 86' lang='lat' dir='ltr'><strong>faciliorem</strong></span> <span class='ocrx_word' id='word_1_383' title='bbox 765 4430 877 4488; x_wconf 89' lang='lat' dir='ltr'><strong>aditum</strong></span> <span class='ocrx_word' id='word_1_384' title='bbox 899 4430 1040 4488; x_wconf 88' lang='lat' dir='ltr'><strong>habuisse</strong></span> <span class='ocrx_word' id='word_1_385' title='bbox 1059 4447 1234 4505; x_wconf 85' lang='lat' dir='ltr'><strong>persuasum</strong></span> <span class='ocrx_word' id='word_1_386' title='bbox 1249 4431 1345 4488; x_wconf 88' lang='lat' dir='ltr'><strong>habeo</strong></span> <span class='ocrx_word' id='word_1_387' title='bbox 1360 4447 1450 4505; x_wconf 87' lang='lat' dir='ltr'><strong>quam</strong></span> <span class='ocrx_word' id='word_1_388' title='bbox 1465 4427 1597 4504; x_wconf 90' lang='lat' dir='ltr'><strong>reliquos</strong></span> <span class='ocrx_word' id='word_1_389' title='bbox 1612 4428 1693 4486; x_wconf 87' lang='lat' dir='ltr'><strong>cives</strong></span> 
     </span>
     <span class='ocr_line' id='line_1_40' title="bbox 365 4527 1694 4603; baseline 0.004 -21"><span class='ocrx_word' id='word_1_390' title='bbox 365 4527 496 4584; x_wconf 89' lang='lat' dir='ltr'><strong>urbanos</strong></span> <span class='ocrx_word' id='word_1_391' title='bbox 517 4535 635 4601; x_wconf 89' lang='lat' dir='ltr'><strong>praeter</strong></span> <span class='ocrx_word' id='word_1_392' title='bbox 656 4547 769 4603; x_wconf 89' lang='lat' dir='ltr'><strong>paucos</strong></span> <span class='ocrx_word' id='word_1_393' title='bbox 782 4532 889 4589; x_wconf 89' lang='lat' dir='ltr'><strong>beatos</strong></span> <span class='ocrx_word' id='word_1_394' title='bbox 904 4530 942 4588; x_wconf 92' lang='lat' dir='ltr'><strong>ad</strong></span> <span class='ocrx_word' id='word_1_395' title='bbox 957 4529 1097 4588; x_wconf 91' lang='lat' dir='ltr'><strong>auditorii</strong></span> <span class='ocrx_word' id='word_1_396' title='bbox 1112 4539 1142 4589; x_wconf 88' lang='lat' dir='ltr'><strong>et</strong></span> <span class='ocrx_word' id='word_1_397' title='bbox 1155 4530 1269 4589; x_wconf 89' lang='lat' dir='ltr'><strong>cellarii</strong></span> <span class='ocrx_word' id='word_1_398' title='bbox 1283 4529 1519 4588; x_wconf 86' lang='lat' dir='ltr'><strong>communionem</strong></span> <span class='ocrx_word' id='word_1_399' title='bbox 1534 4528 1694 4599; x_wconf 85' lang='lat' dir='ltr'><strong>admissos,</strong></span> 
     </span>
     <span class='ocr_line' id='line_1_41' title="bbox 366 4625 1694 4706; baseline 0.002 -22"><span class='ocrx_word' id='word_1_400' title='bbox 366 4633 467 4684; x_wconf 84' lang='lat' dir='ltr'><strong>tamen</strong></span> <span class='ocrx_word' id='word_1_401' title='bbox 486 4626 543 4684; x_wconf 88' lang='lat' dir='ltr'><strong>boo</strong></span> <span class='ocrx_word' id='word_1_402' title='bbox 563 4628 627 4685; x_wconf 89' lang='lat' dir='ltr'><strong>scio</strong></span> <span class='ocrx_word' id='word_1_403' title='bbox 649 4629 810 4705; x_wconf 88' lang='lat' dir='ltr'><strong>amphoras</strong></span> <span class='ocrx_word' id='word_1_404' title='bbox 832 4631 926 4689; x_wconf 89' lang='lat' dir='ltr'><strong>cellae</strong></span> <span class='ocrx_word' id='word_1_405' title='bbox 947 4630 1158 4706; x_wconf 89' lang='lat' dir='ltr'><strong>imperatoriae</strong></span> <span class='ocrx_word' id='word_1_406' title='bbox 1179 4631 1268 4690; x_wconf 89' lang='lat' dir='ltr'><strong>etiam</strong></span> <span class='ocrx_word' id='word_1_407' title='bbox 1284 4631 1321 4688; x_wconf 88' lang='lat' dir='ltr'><strong>ab</strong></span> <span class='ocrx_word' id='word_1_408' title='bbox 1336 4630 1373 4688; x_wconf 85' lang='lat' dir='ltr'><strong>iis</strong></span> <span class='ocrx_word' id='word_1_409' title='bbox 1389 4625 1532 4688; x_wconf 87' lang='lat' dir='ltr'><strong>celebrari</strong></span> <span class='ocrx_word' id='word_1_410' title='bbox 1546 4628 1694 4704; x_wconf 90' lang='lat' dir='ltr'><strong>potuisse,</strong></span> 
     </span>
     <span class='ocr_line' id='line_1_42' title="bbox 367 4721 1694 4806; baseline 0.003 -24"><span class='ocrx_word' id='word_1_411' title='bbox 367 4725 419 4799; x_wconf 91' lang='lat' dir='ltr'><strong>qui</strong></span> <span class='ocrx_word' id='word_1_412' title='bbox 440 4743 600 4800; x_wconf 89' lang='lat' dir='ltr'><strong>numquam</strong></span> <span class='ocrx_word' id='word_1_413' title='bbox 623 4746 660 4786; x_wconf 90' lang='lat' dir='ltr'><strong>ne</strong></span> <span class='ocrx_word' id='word_1_414' title='bbox 681 4730 802 4790; x_wconf 91' lang='lat' dir='ltr'><strong>odorem</strong></span> <span class='ocrx_word' id='word_1_415' title='bbox 823 4730 943 4806; x_wconf 91' lang='lat' dir='ltr'><strong>quidem</strong></span> <span class='ocrx_word' id='word_1_416' title='bbox 965 4749 1066 4789; x_wconf 88' lang='lat' dir='ltr'><strong>earum</strong></span> <span class='ocrx_word' id='word_1_417' title='bbox 1088 4731 1269 4790; x_wconf 80' lang='lat' dir='ltr'><strong>olfecisseut.</strong></span> <span class='ocrx_word' id='word_1_418' title='bbox 1310 4727 1361 4786; x_wconf 80' lang='grc' dir='ltr'><strong>Ὡο</strong></span> <span class='ocrx_word' id='word_1_419' title='bbox 1383 4728 1410 4786; x_wconf 81' lang='grc' dir='ltr'><strong>ἓν</strong></span> <span class='ocrx_word' id='word_1_420' title='bbox 1429 4721 1534 4804; x_wconf 73' lang='grc' dir='ltr'><em>Ῥώμῃ,</em></span> <span class='ocrx_word' id='word_1_421' title='bbox 1557 4726 1694 4787; x_wconf 85' lang='lat' dir='ltr'><strong>Galenus</strong></span> 
     </span>
     <span class='ocr_line' id='line_1_43' title="bbox 367 4815 1695 4914; baseline -0.001 -31"><span class='ocrx_word' id='word_1_422' title='bbox 367 4824 410 4883; x_wconf 84' lang='lat' dir='ltr'><strong>ait</strong></span> <span class='ocrx_word' id='word_1_423' title='bbox 431 4815 506 4908; x_wconf 75' lang='lat' dir='ltr'><strong>(rapi</strong></span> <span class='ocrx_word' id='word_1_424' title='bbox 527 4817 679 4884; x_wconf 73' lang='lat' dir='ltr'><strong>dvrtddrwu</strong></span> <span class='ocrx_word' id='word_1_425' title='bbox 697 4831 759 4901; x_wconf 89' lang='lat'><strong>1‚4</strong></span> <span class='ocrx_word' id='word_1_426' title='bbox 781 4829 840 4887; x_wconf 88' lang='lat' dir='ltr'><strong>vol.</strong></span> <span class='ocrx_word' id='word_1_427' title='bbox 859 4832 897 4890; x_wconf 79' lang='grc'><strong>14</strong></span> <span class='ocrx_word' id='word_1_428' title='bbox 918 4850 947 4907; x_wconf 91' lang='lat' dir='ltr'><strong>p.</strong></span> <span class='ocrx_word' id='word_1_429' title='bbox 964 4831 1003 4890; x_wconf 72' lang='lat'><strong>25</strong></span> <span class='ocrx_word' id='word_1_430' title='bbox 1024 4830 1142 4906; x_wconf 76' lang='lat' dir='ltr'><strong>Kfihn),</strong></span> <span class='ocrx_word' id='word_1_431' title='bbox 1164 4834 1217 4887; x_wconf 74' lang='lat' dir='ltr'><strong>ruia</strong></span> <span class='ocrx_word' id='word_1_432' title='bbox 1239 4823 1360 4914; x_wconf 74' lang='lat' dir='ltr'><strong>ripr&#39;rrutv</strong></span> <span class='ocrx_word' id='word_1_433' title='bbox 1382 4818 1540 4911; x_wconf 61' lang='grc' dir='ltr'><strong>φαρμάκων</strong></span> <span class='ocrx_word' id='word_1_434' title='bbox 1561 4824 1695 4886; x_wconf 69' lang='grc' dir='ltr'>ἁπάντων</span> 
     </span>
     <span class='ocr_line' id='line_1_44' title="bbox 367 4918 1695 5012; baseline -0.001 -29"><span class='ocrx_word' id='word_1_435' title='bbox 367 4921 521 5008; x_wconf 71' lang='grc' dir='ltr'><strong><em>εὐπορῆσαι</em></strong></span> <span class='ocrx_word' id='word_1_436' title='bbox 547 4926 657 4994; x_wconf 59' lang='grc' dir='ltr'><strong><em>μᾶλλον</em></strong></span> <span class='ocrx_word' id='word_1_437' title='bbox 682 4918 758 4984; x_wconf 75' lang='grc' dir='ltr'><strong>ἕπον</strong></span> <span class='ocrx_word' id='word_1_438' title='bbox 783 4919 802 4998; x_wconf 71' lang='grc' dir='ltr'><em>ἢ</em></span> <span class='ocrx_word' id='word_1_439' title='bbox 823 4925 891 4986; x_wconf 71' lang='grc' dir='ltr'><strong>κάτ’</strong></span> <span class='ocrx_word' id='word_1_440' title='bbox 913 4919 987 4987; x_wconf 68' lang='grc' dir='ltr'><strong>ἄλλο</strong></span> <span class='ocrx_word' id='word_1_441' title='bbox 1013 4923 1129 5012; x_wconf 62' lang='grc' dir='ltr'><strong>χωρίον,</strong></span> <span class='ocrx_word' id='word_1_442' title='bbox 1155 4921 1243 4990; x_wconf 66' lang='grc' dir='ltr'><strong><em>οὕτως</em></strong></span> <span class='ocrx_word' id='word_1_443' title='bbox 1265 4929 1292 4987; x_wconf 77' lang='grc' dir='ltr'><strong>ἓν</strong></span> <span class='ocrx_word' id='word_1_444' title='bbox 1314 4925 1389 5007; x_wconf 70' lang='grc' dir='ltr'><strong>αὐτῇ</strong></span> <span class='ocrx_word' id='word_1_445' title='bbox 1409 4931 1444 5006; x_wconf 78' lang='grc' dir='ltr'><strong>τῇ</strong></span> <span class='ocrx_word' id='word_1_446' title='bbox 1463 4921 1551 5002; x_wconf 65' lang='grc' dir='ltr'><strong>Ῥώμῃ</strong></span> <span class='ocrx_word' id='word_1_447' title='bbox 1572 4920 1695 5010; x_wconf 73' lang='lat' dir='ltr'><strong>Km&#39;rreps</strong></span> 
     </span>
    </p>
   </div>
   <div class='ocr_carea' id='block_1_5' title="bbox 366 5015 1776 5209">
    <p class='ocr_par' dir='ltr' id='par_1_7' title="bbox 366 5015 1776 5209">
     <span class='ocr_line' id='line_1_45' title="bbox 368 5015 1776 5113; baseline 0.003 -34"><span class='ocrx_word' id='word_1_448' title='bbox 368 5015 515 5096; x_wconf 67' lang='grc' dir='ltr'><strong><em>σκουοὶζων</em></strong></span> <span class='ocrx_word' id='word_1_449' title='bbox 540 5047 583 5087; x_wconf 79' lang='grc' dir='ltr'><strong>τις</strong></span> <span class='ocrx_word' id='word_1_450' title='bbox 608 5016 649 5082; x_wconf 66' lang='grc' dir='ltr'><strong>ἔτι</strong></span> <span class='ocrx_word' id='word_1_451' title='bbox 675 5029 784 5094; x_wconf 70' lang='grc' dir='ltr'><strong><em>μᾶλλον</em></strong></span> <span class='ocrx_word' id='word_1_452' title='bbox 812 5024 926 5113; x_wconf 73' lang='lat' dir='ltr'><strong>adrepti</strong></span> <span class='ocrx_word' id='word_1_453' title='bbox 946 5021 1060 5087; x_wconf 69' lang='grc' dir='ltr'>πάντων</span> <span class='ocrx_word' id='word_1_454' title='bbox 1085 5033 1140 5088; x_wconf 73' lang='grc' dir='ltr'><strong>τῶν</strong></span> <span class='ocrx_word' id='word_1_455' title='bbox 1166 5029 1205 5092; x_wconf 78' lang='grc' dir='ltr'><strong>εἰς</strong></span> <span class='ocrx_word' id='word_1_456' title='bbox 1230 5019 1315 5113; x_wconf 73' lang='lat' dir='ltr'><strong>dapar</strong></span> <span class='ocrx_word' id='word_1_457' title='bbox 1340 5025 1441 5112; x_wconf 76' lang='grc' dir='ltr'><strong><em>οἷρετῆς</em></strong></span> <span class='ocrx_word' id='word_1_458' title='bbox 1464 5017 1595 5097; x_wconf 56' lang='lat' dir='ltr'><strong>qairrus,</strong></span> <span class='ocrx_word' id='word_1_459' title='bbox 1623 5021 1694 5083; x_wconf 75' lang='lat' dir='ltr'><strong>rivae</strong></span> <span class='ocrx_word' id='word_1_460' title='bbox 1772 5033 1776 5040; x_wconf 86' lang='lat'>&#39;</span> 
     </span>
     <span class='ocr_line' id='line_1_46' title="bbox 366 5113 1696 5209; baseline 0.009 -28"><span class='ocrx_word' id='word_1_461' title='bbox 366 5113 415 5203; x_wconf 71' lang='grc' dir='ltr'><strong>μὲν</strong></span> <span class='ocrx_word' id='word_1_462' title='bbox 443 5128 494 5182; x_wconf 76' lang='grc' dir='ltr'><strong>τοῦ</strong></span> <span class='ocrx_word' id='word_1_463' title='bbox 519 5117 668 5209; x_wconf 61' lang='grc' dir='ltr'><strong><em>Φαλερίνου</em></strong></span> <span class='ocrx_word' id='word_1_464' title='bbox 694 5117 743 5184; x_wconf 67' lang='grc' dir='ltr'><strong>καὶ</strong></span> <span class='ocrx_word' id='word_1_465' title='bbox 768 5118 878 5196; x_wconf 65' lang='grc' dir='ltr'><strong>μέλιτος</strong></span> <span class='ocrx_word' id='word_1_466' title='bbox 901 5122 1048 5200; x_wconf 61' lang='grc' dir='ltr'><strong><em>’Ὑμηττίου</em></strong></span> <span class='ocrx_word' id='word_1_467' title='bbox 1075 5140 1106 5191; x_wconf 84' lang='lat' dir='ltr'><strong>et</strong></span> <span class='ocrx_word' id='word_1_468' title='bbox 1131 5141 1207 5209; x_wconf 71' lang='lat' dir='ltr'><strong>quae</strong></span> <span class='ocrx_word' id='word_1_469' title='bbox 1235 5141 1407 5208; x_wconf 81' lang='lat' dir='ltr'><strong>sequuntur.</strong></span> <span class='ocrx_word' id='word_1_470' title='bbox 1449 5125 1564 5186; x_wconf 69' lang='lat' dir='ltr'><strong>Nssrrtti</strong></span> <span class='ocrx_word' id='word_1_471' title='bbox 1588 5127 1696 5186; x_wconf 65' lang='lat' dir='ltr'><strong>delssdfl</strong></span> 
     </span>
    </p>
   </div>
   <div class='ocr_carea' id='block_1_6' title="bbox 0 0 1922 5956">
    <p class='ocr_par' dir='ltr' id='par_1_8' title="bbox 0 0 1922 5956">
     <span class='ocr_line' id='line_1_47' title="bbox 0 0 1922 5956; baseline 0 0"><span class='ocrx_word' id='word_1_472' title='bbox 0 0 1922 5956; x_wconf 95' lang='lat' dir='ltr'><strong> </strong></span> 
     </span>
    </p>
   </div>
  </div>
 </body>
</html>
