3826 5962
433 612 507 686 238
1020 629 1165 683 ronnas

431 815 512 864 recte
533 803 638 864 statuit
651 801 824 862 Visoontius
847 803 942 880 (Ball.
956 801 1027 861 dell’
1042 803 1070 860 Ι.
1088 801 1177 872 1859,
1196 802 1233 861 14
1255 801 1292 860 ci.
1307 801 1418 860 librum
1434 821 1472 860 m.
1487 802 1609 880 Topopr.
1626 802 1656 875 2,
1673 802 1758 879 108).

432 908 493 966 ism
518 905 578 966 nisi
604 901 709 965 Severi
736 912 869 982 tempore
896 904 981 964 binas
1006 904 1037 962 io
1058 903 1209 963 Aventino
1235 902 1329 964 fuisse
1356 903 1510 964 Minervae
1538 904 1627 964 aedes
1654 922 1760 966 rursus

432 1007 498 1067 sine
519 1025 612 1066 eausa
633 1007 809 1081 sumpseris,
832 1006 962 1064 concidit
979 1005 1034 1064 illa
1054 1005 1157 1082 opinio
1179 1004 1216 1064 de
1234 1005 1371 1064 Minerva
1391 1005 1473 1064 culta
1493 1005 1525 1064 in
1546 1005 1630 1064 aedis
1651 1006 1760 1082 triper-

365 1109 369 1118 ⁴
431 1110 505 1168 titae
530 1109 614 1168 cella.
657 1107 773 1166 accedit
797 1107 878 1182 quod
904 1106 1021 1166 Notitia
1050 1105 1205 1184 regionum
1232 1107 1346 1183 scripta
1375 1107 1494 1166 editara
1518 1119 1653 1183 tempore
1679 1104 1758 1166 Con·

432 1211 556 1270 stantini
582 1210 619 1269 R.
641 1207 721 1268 XIII
743 1208 887 1285 templum
913 1208 1062 1268 Minervae
1088 1207 1235 1278 nominat,
1262 1207 1417 1283 quodvis
1445 1207 1509 1266 fieri
1537 1207 1702 1284 potuIsset,
1732 1209 1758 1266 si

433 1309 606 1389 Capitoliua
627 1309 749 1368 numius
770 1310 811 1367 ibi
832 1308 989 1368 coniuncta
1007 1309 1144 1368 fuissent.
1178 1308 1306 1384 denique
1324 1308 1454 1368 vidimus
1474 1324 1562 1368 sacra
1574 1308 1640 1367 Ioor'
1653 1309 1760 1367 Iunoni

432 1415 463 1472 in
485 1413 626 1472 Aventino
654 1413 668 1470 1
694 1409 776 1488 Sept.
803 1411 878 1480 fieri,
909 1409 1060 1468 Minervae
1086 1413 1117 1468 in
1142 1407 1283 1468 Avertens
1311 1409 1371 1468 lral.
1397 1409 1492 1468 Amit.
1520 1419 1552 1468 et
1576 1408 1651 1485 Esq.
1679 1409 1759 1468 diem

432 1513 498 1572 Iun.
523 1513 560 1572 19
587 1513 755 1591 adsignant,
782 1529 849 1570 cum
869 1511 1000 1570 natalem
1022 1511 1100 1570 diem
1121 1527 1191 1570 esse
1212 1509 1341 1570 Ovidius
1362 1509 1383 1568 f.
1406 1511 1435 1580 6,
1458 1508 1518 1570 ’188
1546 1519 1650 1586 aperta
1670 1509 1758 1569 dicite

432 1618 547 1689 cospt't
569 1613 713 1673 Avesica
738 1613 842 1672 Pullos
868 1615 898 1671 ia
924 1631 991 1671 orca
1016 1614 1087 1672 coli
1112 1631 1168 1672 nee
1193 1612 1260 1687 ipse
1287 1612 1346 1670 sibi
1373 1611 1541 1688 refragatur
1566 1629 1634 1670 cum
1663 1609 1758 1685 Quin·
1863 1639 1864 1644 1

433 1716 590 1792 quatribus
606 1715 634 1774 d.
653 1715 689 1773 19
704 1715 792 1772 Mart.
814 1713 863 1772 die
884 1713 1047 1789 antiquitus
1065 1713 1155 1772 Marti
1177 1730 1263 1772 sacro
1284 1713 1365 1772 ferro
1387 1721 1417 1770 et
1438 1713 1584 1792 sanguine
1604 1712 1757 1773 abstinen-
1863 1707 1864 1740 ³

433 1818 504 1878 dum
529 1834 597 1876 esse
623 1816 696 1874 dicit
727 1815 803 1891 quod
832 1826 874 1874 est
904 1814 958 1872 illo
987 1823 1058 1872 acto
1085 1814 1218 1873 Minerva
1243 1815 1296 1874 die
1320 1814 1365 1890 (3,
1388 1815 1446 1874 811
1470 1814 1521 1890 s).
1566 1815 1758 1892 persequitur

433 1920 513 1980 euim
539 1919 685 1977 artificum
711 1917 761 1994 qui
787 1917 844 1974 hoc
869 1915 918 1974 die
943 1914 1044 1974 feriati
1071 1923 1143 1974 sunt
1168 1933 1287 1993 genera,
1319 1933 1380 1992 quo
1405 1916 1486 1975 facto
1513 1916 1587 1976 deae
1613 1916 1757 1993 templum

433 2027 645 2082 commemorat
665 2019 704 2076 ad
725 2016 861 2077 Caelium
884 2018 990 2076 situm:
1011 2034 1109 2092 parva
1131 2019 1197 2076 licet
1215 2018 1314 2076 videas
1338 2015 1449 2092 Coptos
1470 2016 1589 2076 delubra
1610 2015 1758 2076 Minervas

433 2139 507 2198 quas
528 2123 583 2179 deo
604 2120 696 2178 natali
716 2121 834 2194 coepit
854 2118 980 2177 labere
1000 2135 1052 2176 ruo
1074 2117 1148 2193 (831
1172 2117 1221 2193 ε.).
1265 2117 1313 2176 bis
1341 2117 1441 2176 verbis
1468 2117 1543 2176 satis
1571 2126 1692 2178 cautum
1714 2128 1757 2177 est

431 2241 470 2282 na
491 2221 677 2282 Mommseno
699 2219 902 2278 adsentiamur
922 2219 1087 2294 suspicanti
1109 2215 1250 2294 (o.1.1..
1268 2221 1282 2276 1
1307 2239 1336 2296 p.
1353 2217 1428 2294 395)
1450 2219 1555 2282 aedem
1575 2219 1757 2279 Aventinen·

420 2315 498 2384 'sem
530 2323 569 2380 ab
597 2319 708 2380 Ovidio
741 2319 799 2378 dici
829 2314 1035 2378 ‘constitutam’
1067 2319 1187 2394 quidem
1214 2318 1262 2378 die
1292 2320 1329 2378 19
1356 2320 1435 2391 lum,
1467 2319 1634 2380 dedicatam
1659 2331 1756 2380 autem
1864 2365 1865 2370 1

434 2425 473 2485 19
495 2425 584 2484 Mart.
611 2427 691 2480 certe
716 2438 777 2479 uon
804 2437 922 2494 negare.
972 2438 1069 2496 neque
1097 2420 1175 2478 enlm
1203 2419 1258 2478 illa
1285 2423 1378 2496 coepit
1402 2420 1459 2478 coli
1483 2430 1513 2479 et
1539 2425 1630 2497 coepit
1656 2421 1757 2482 laem

430 2526 551 2586 delabro
584 2523 678 2582 natali
712 2540 763 2580 sao
799 2519 881 2580 aliud
914 2520 1016 2580 dieunt
1051 2539 1140 2597 quam
1173 2520 1305 2580 natalem
1335 2521 1549 2580 Auentinensis
1584 2521 1659 2582 deae
1690 2539 1757 2583 esse

432 2628 461 2687 d.
487 2627 524 2685 19
544 2626 620 2696 Iun,
648 2621 763 2699 Captae
784 2621 812 2680 d.
838 2621 874 2680 19
896 2622 985 2680 Mart.
1007 2621 1140 2697 suspicio
1161 2631 1261 2680 autem
1282 2622 1337 2680 illa
1358 2622 1427 2681 inde
1448 2631 1520 2682 nata
1540 2635 1596 2694 est,
1618 2624 1700 2700 quod
1722 2624 1757 2682 de

431 2727 630 2788 Auentinensi
652 2725 690 2783 ab
712 2722 822 2783 Ouidio
844 2723 969 2782 Verrius
991 2722 1118 2782 Flaccus
1139 2722 1299 2782 dissentire
1323 2723 1408 2782 visus
1431 2730 1486 2796 est,
1514 2723 1625 2801 quippe
1646 2725 1699 2802 qui
1722 2724 1757 2783 de
1787 2727 1790 2732 '

434 2825 671 2906 Quisquatribus
692 2825 766 2884 baec
786 2824 897 2884 diaerit
917 2823 997 2900 apud
1019 2823 1100 2882 Fest.
1123 2843 1152 2900 p.
1169 2823 1244 2883 257:
1266 2825 1416 2884 dlinerooe
1437 2825 1677 2884 ostendiculum
1697 2845 1758 2884 sam

433 2932 508 2990 dr'sm
528 2931 686 2987 miserant
708 2927 786 3002 qood
806 2944 837 2984 eo
858 2927 904 2983 dis
924 2924 1004 2982 aedit
1026 2928 1085 2983 eitra
1107 2929 1138 2982 in
1151 2925 1291 2984 Aventius
1312 2935 1478 2984 consecrata
1498 2935 1549 2998 εει,
1570 2927 1628 2986 boo
1649 2933 1704 2998 est,
1726 2937 1757 2986 ut

432 3031 572 3101 vidImus,
594 3030 736 3087 dedicata.
778 3026 849 3086 inde
875 3025 1008 3086 eiusdem
1031 3025 1131 3086 lacera
1151 3028 1244 3086 verba
1264 3027 1296 3086 in
1322 3026 1382 3084 kal.
1404 3027 1514 3086 Praen.
1541 3026 1580 3085 ad
1608 3028 1646 3088 19
1669 3028 1756 3087 Mart.

432 3133 477 3194 sie
504 3130 644 3207 suppleta
671 3135 754 3187 sunt:
788 3129 929 3204 ortrfirum
955 3127 1025 3197 dies,
1052 3125 1142 3201 [quod
1161 3127 1322 3202 ssimae]
1345 3129 1425 3186 uadis
1445 3131 1476 3186 io
1497 3127 1637 3188 Arentr'no
1659 3147 1691 3188 eo
1713 3131 1757 3188 dis

432 3243 474 3294 εει
495 3233 650 3306 [dedicata.
684 3227 762 3302 Sale]
777 3230 894 3303 sociant
914 3245 940 3283 e.
955 3245 984 3302 q.
1000 3243 1024 3285 s.
1047 3235 1079 3286 at
1099 3227 1165 3286 vide
1187 3246 1258 3286 num
1279 3236 1452 3304 comparato
1473 3229 1569 3290 altero
1585 3230 1670 3290 Festi
1691 3231 1757 3290 locu

431 3353 462 3412 p.
486 3332 545 3392 333
577 3330 669 3389 scribi
699 3329 797 3405 possit
823 3328 962 3403 arteficam
987 3329 1048 3386 ἄξιε
1081 3327 1195 3402 [quibus
1221 3328 1383 3404 Minervae]
1410 3331 1491 3388 aedis
1512 3333 1532 3387 1.
1555 3329 1593 3388 Α.
1616 3349 1639 3390 ε.
1661 3333 1690 3390 d.
1718 3341 1757 3390 est

432 3431 604 3512 {attributo}
637 3437 716 3490 certe
738 3426 863 3487 offendit
882 3427 1009 3487 formula
1028 3430 1106 3504 qood
1118 3428 1281 3504 Minervas]
1296 3471 1304 3487 .
1322 3473 1329 3488 .
1345 3471 1353 3487 .
1372 3439 1415 3489 εει
1434 3430 1578 3505 [dedicata
1591 3449 1647 3506 pro
1668 3431 1758 3492 solita

432 3555 463 3596 εο
485 3535 532 3592 die
551 3533 601 3593 vel
622 3533 701 3608 qood
722 3548 753 3588 eo
774 3530 820 3586 die
836 3571 843 3587 .
860 3570 867 3585 .
885 3529 1017 3587 dedicata
1038 3539 1079 3588 εει
1100 3547 1155 3588 neo
1175 3529 1264 3588 facile
1285 3531 1408 3590 annales
1431 3539 1460 3590 et
1481 3531 1685 3609 hemerologIa
1705 3551 1757 3592 an·

432 3635 563 3710 tIquiora
591 3633 628 3692 de
653 3629 747 3688 natali
768 3629 982 3688 Auentinensis
1010 3630 1094 3690 aedIs
1120 3631 1164 3689 ita
1191 3631 1378 3708 discrepasse
1405 3632 1583 3709 putaverim,
1614 3643 1649 3692 ut
1676 3650 1756 3692 mero

431 3753 533 3795 errore
558 3732 610 3792 alii
637 3731 767 3790 natalem
788 3731 1003 3790 Auentinensis
1030 3749 1097 3790 eum
1120 3730 1235 3808 Captae
1261 3733 1457 3792 confuderint.
1506 3733 1616 3810 quodsi
1642 3733 1758 3793 medela

431 3845 535 3897 nostra
549 3833 744 3912 displicuerit,
766 3833 841 3891 nibil
862 3832 990 3907 relinqui
1010 3831 1126 3890 videtur
1146 3833 1206 3892 nIsi
1224 3841 1257 3892 ut
1271 3832 1411 3894 Ovidium
1427 3851 1597 3911 sequamur,
1618 3835 1757 3896 Verrium

431 3938 616 4008 deseramus,
642 3943 735 3994 totam
761 3953 824 3994 ram
852 3934 895 3992 ita
919 3933 1129 3993 diiudicemus:
1161 3935 1316 3994 MInervae
1342 3936 1374 3993 in
1395 3935 1547 3994 Aventino
1569 3935 1658 3996 aedes
1678 3937 1758 3996 facta

431 4046 501 4100 ante
522 4057 550 4097 a.
574 4037 633 4097 547
657 4036 686 4095 (1.
711 4035 747 4095 19
771 4035 848 4106 Iun,
880 4053 958 4111 quae
984 4052 1071 4094 sacra
1096 4035 1135 4092 ad
1155 4034 1289 4114 Augusti
1313 4053 1409 4112 usque
1430 4045 1566 4114 tempora
1585 4045 1758 4097 manserunt

431 4158 487 4200 nec
509 4146 623 4198 mutata
643 4142 713 4196 sunt
734 4143 806 4212 post
824 4135 928 4194 aedem
949 4137 986 4194 ab
1008 4154 1044 4195 so
1065 4136 1223 4205 relectam3
1250 4137 1401 4196 Minervae
1425 4135 1539 4216 Captae
1560 4137 1599 4196 ad
1621 4135 1757 4198 Caelium

391 4234 393 4243 ’
431 4239 563 4300 FalerIIs
584 4239 691 4298 dirutis
712 4237 793 4296 faeta
813 4255 841 4294 a.
857 4237 915 4295 513
939 4236 993 4312 (cf.
1015 4237 1133 4295 Hermes
1155 4237 1185 4308 4,
1207 4237 1268 4296 244
1293 4245 1324 4296 et
1343 4238 1490 4309 Hucttce,
1510 4238 1653 4315 Jahrbs.
1669 4241 1756 4300 class.

430 4337 803 4415 Part.,suppr.s,1sra
830 4354 859 4411 p.
882 4335 940 4396 821
966 4337 1023 4413 ss.)
1055 4337 1147 4395 natali
1180 4338 1245 4397 eius
1279 4337 1308 4396 d.
1338 4339 1375 4398 13
1398 4340 1485 4398 Mart.
1517 4339 1656 4400 instituta
1688 4349 1758 4400 sunt

431 4437 671 4516 Quinquatribus
700 4436 789 4496 Marti
816 4437 924 4496 saorla:
957 4445 1119 4513 postquam
1151 4437 1178 4496 is
1210 4438 1274 4497 dies
1303 4440 1456 4498 Minervae
1488 4440 1583 4500 sacris
1613 4441 1758 4502 celebrari

431 4545 557 4614 coeptus
583 4545 638 4609 est,
666 4537 705 4596 ad
732 4536 837 4595 aedem
865 4536 999 4596 eiusdem
1025 4537 1100 4596 deae
1123 4538 1268 4598 maiorem
1295 4541 1401 4600 eodem
1429 4540 1478 4600 die
1505 4557 1592 4600 sacra
1607 4541 1758 4610 ‚instituta

432 4645 512 4710 sunt,
544 4637 634 4696 huius
666 4647 765 4696 autem
796 4638 906 4696 natsIIs
938 4639 1124 4699 minusculae
1157 4637 1362 4717 Quinquatrus
1398 4642 1509 4702 vocari.
1561 4649 1591 4702 et
1621 4643 1665 4702 itu
1694 4641 1757 4701 fere

430 4739 608 4800 Huscbkius
623 4737 691 4812 (dos
705 4739 774 4797 εδει.
787 4737 866 4797 Jalr
878 4758 908 4815 p.
922 4739 1007 4816 856).
1021 4773 1063 4784 -
1084 4742 1141 4800 hoe
1162 4749 1300 4801 constare
1321 4742 1437 4801 videtur
1458 4741 1609 4819 duplicem
1627 4743 1758 4802 natalem

430 4842 495 4903 sive
516 4840 697 4900 constitutae
723 4846 753 4898 et
777 4839 940 4912 dedicatae,
966 4842 1031 4900 sive
1055 4843 1152 4903 factae
1172 4843 1369 4920 reiectaeque,
1398 4843 1631 4904 Auentinensem
1653 4842 1756 4904 aedem

430 4959 492 5004 non
511 4940 664 5002 babuisse.

513 5041 611 5104 Venio
636 5041 675 5103 ad
701 5041 805 5103 aedem
830 5040 958 5117 Quirini.
1006 5061 1111 5106 rursus
1144 5045 1307 5106 cavendum
1339 5065 1377 5105 ne
1404 5044 1548 5106 Ovidium
1574 5045 1632 5104 sibi
1656 5043 1756 5122 ipsum

430 5141 577 5220 refragari
608 5143 674 5204 sine
704 5159 798 5202 causa
829 5153 1007 5206 statuamus.
1050 5147 1077 5205 is
1107 5146 1199 5222 igitur
1229 5147 1277 5206 die
1309 5145 1509 5220 Quirinalium
1534 5145 1622 5206 Febr.
1649 5144 1686 5203 17
1714 5143 1757 5204 ait

431 5242 452 5302 l'.
469 5241 498 5317 9,
517 5242 591 5304 509:
615 5245 718 5322 templo
740 5245 790 5304 deo
805 5247 890 5322 fiant,
911 5263 1036 5306 comeo
1058 5247 1106 5307 die
1126 5257 1244 5325 praeter
1267 5247 1434 5320 QuirInolia
1454 5248 1485 5308 in
1506 5247 1568 5307 kal.
1591 5246 1683 5307 Farn.
1705 5246 1757 5305 ad·
