3826 5962
613 653 910 707 ossssvfflesss
926 651 1046 705 EPIGR.
1066 651 1118 702 x1.

611 859 667 920 XI.
712 865 935 920 ΣΤΡΑΤΗΓΟξ
959 863 1123 918 russos.

287 1003 516 1077 Magistratuum
531 995 733 1055 Romanorum
749 993 895 1054 vocabula
916 993 1055 1053 credibile
1077 1001 1124 1053 est
1144 1000 1258 1053 mature
1274 994 1401 1056 Graecia
1422 999 1465 1055 ita
1486 999 1530 1056 in-

204 1099 351 1174 notuisse,
378 1110 413 1158 ut
438 1101 470 1159 in
496 1114 598 1160 eorum
624 1096 754 1172 linguam
776 1103 1019 1154 converterentur
1039 1112 1099 1153 uon
1120 1114 1175 1172 pro
1196 1096 1291 1156 lubitu
1313 1099 1455 1168 cuiusvis,
1478 1099 1531 1158 sed

202 1202 416 1262 consuetudine
437 1207 557 1276 recepta
573 1204 602 1256 et
617 1215 674 1256 usu
690 1195 837 1255 sollemni.
855 1195 952 1255 llam
969 1203 1001 1254 ut
1014 1197 1166 1254 mittamus
1181 1205 1317 1256 auctores
1333 1196 1486 1258 Cumanos
1502 1210 1532 1258 et

202 1303 432 1380 Neapolitanos,
454 1309 534 1359 certe
555 1297 606 1374 qui
627 1298 707 1374 regis
722 1295 832 1374 Pyrrhi
853 1315 901 1356 res
923 1305 1024 1374 gestas
1040 1294 1232 1373 Siculumque
1246 1298 1356 1356 bellum
1371 1302 1533 1362 narrabant

206 1403 313 1464 Graeci
339 1402 474 1462 homines
497 1399 604 1460 summi
626 1398 819 1474 magistratus
841 1397 920 1474 apud
941 1397 1095 1480 Romanos
1117 1407 1199 1458 certa
1219 1400 1460 1460 denominatione
1482 1419 1532 1460 ca·

203 1524 269 1565 rere
291 1523 351 1561 non
373 1509 543 1580 potueruut.
580 1499 643 1558 lam
666 1500 692 1558 is
714 1500 770 1558 atsi
792 1499 918 1558 testibus
933 1497 1107 1575 Scipionum
1130 1499 1238 1576 elogiis
1260 1501 1327 1574 ipso
1346 1502 1452 1576 quinto
1467 1519 1530 1561 sae-

204 1607 274 1664 culo
295 1603 401 1663 consul
422 1601 636 1678 appellabatur,
658 1617 753 1675 neque
775 1599 872 1658 solnm
895 1599 950 1659 hoc
964 1601 1030 1659 eius
1045 1600 1222 1659 vocabulum
1237 1601 1331 1659 fuisse
1346 1620 1443 1678 neque
1457 1604 1532 1661 anti-

204 1706 392 1781 quissimum,
415 1701 468 1761 sed
490 1701 616 1760 eundem
638 1700 799 1776 aliquando
820 1699 880 1760 dici
902 1701 1024 1760 solitum
1047 1718 1114 1760 esse
1135 1710 1165 1758 et
1185 1711 1291 1777 postea
1311 1720 1431 1778 quoqne
1450 1628 1568 1877 recte]

203 1807 262 1864 dici
284 1805 420 1880 potuisse
441 1811 607 1880 praetorem
628 1803 792 1860 maximum
806 1801 906 1859 idonei
921 1808 1058 1860 auctores
1072 1801 1257 1860 tradiderunt
1279 1801 1376 1877 (Fest.
1392 1823 1419 1863 v.
1435 1805 1533 1863 maxi·

203 1925 284 1965 mum
312 1893 535 1982 praetorer'ffp.
555 1885 638 1975 1613'
654 1902 721 1960 Liv'.
743 1903 771 1975 7,
788 1877 837 1978 6).
880 1899 988 1961 Graeci
1013 1901 1120 1960 deinde
1141 1901 1167 1960 si
1189 1904 1359 1978 quaerimus
1381 1905 1531 1980 quomodo
1561 1880 1567 1991 i

203 2006 356 2066 consulem
385 2003 567 2082 appellarint
592 2004 623 2062 in
650 2003 868 2078 antiquissimis
895 2020 972 2079 quae
999 2003 1119 2078 quidem
1148 2013 1309 2079 supersunt
1336 2004 1533 2078 documentis,
1560 2034 1563 2117 ἰ

204 2107 241 2165 Τ.
265 2105 453 2166 Flamininus
476 2123 538 2164 coa.
566 2123 592 2162 a.
610 2103 669 2164 556
697 2103 805 2162 dicitur
825 2103 856 2162 in
877 2105 1008 2180 epistula
1028 2104 1124 2180 ipsius
1146 2105 1317 2180 scriptaad
1339 2103 1532 2182 Cyretieuses

204 2207 382 2266 Thessaliae
400 2207 544 2284 populum
570 2201 620 2281 (C.
637 2205 662 2262 I.
680 2201 734 2264 Gr.
756 2224 785 2262 ιι.
805 2204 898 2280 1770)
919 2198 1078 2287 nrpoernpds
1096 2196 1203 2266 decrat
1221 2199 1362 2274 Ῥωμαίων
1383 2207 1533 2274 similiter-

204 2326 262 2382 que
283 2308 314 2365 in
335 2306 422 2365 titulo
447 2305 584 2365 dedicato
606 2306 633 2363 ei
655 2323 675 2362 a
696 2303 915 2382 Gytbiensibus
938 2303 987 2380 (O.
1006 2304 1031 2362 1.
1049 2302 1101 2364 Gr.
1124 2325 1153 2363 n.
1172 2303 1279 2382 1325),
1300 2308 1359 2366 nisi
1380 2309 1460 2384 quod
1475 2311 1533 2374 ,bic
1560 2292 1568 2322 “

204 2426 264 2466 ιιοιι
285 2407 405 2466 additur
423 2397 572 2474 Ῥωμαίων.
610 2405 721 2465 Eadem
744 2405 946 2483 appellatione
967 2405 1132 2488 στρατηγοῦ
1149 2397 1261 2463 ὑπάτου
1280 2399 1421 2474 Ῥωμαίων
1444 2411 1535 2469 utitur

204 2509 396 2585 magistratus
425 2508 450 2566 is
477 2507 528 2583 qui
555 2507 715 2586 epistulam
743 2506 782 2564 sd
810 2505 1006 2565 Heracleotae
1029 2504 1138 2564 Cariae
1167 2506 1247 2563 dedit
1274 2506 1415 2566 insertam
1446 2520 1475 2568 et
1502 2512 1532 2569 in

205 2608 239 2668 0.
257 2609 279 2668 l.
296 2607 351 2690 Gr.
374 2629 403 2668 ιι.
420 2607 502 2668 3800
524 2615 554 2666 et
575 2608 693 2684 plenius
716 2607 747 2666 in
763 2606 902 2684 syllogen
916 2604 1039 2666 Lebasii
1061 2615 1090 2664 et
1105 2606 1332 2682 Waddingtonii
1347 2609 1395 2666 lll
1416 2627 1445 2668 ιι.
1462 2610 1532 2683 588,

204 2710 289 2768 cuius
311 2727 490 2786 quamquam
514 2727 623 2768 nomen
644 2707 742 2784 periit,
765 2727 832 2766 cum
854 2707 948 2766 luisse
964 2705 1019 2766 On.
1035 2707 1180 2766 Manlium
1194 2706 1357 2766 Volsonem
1380 2711 1533 2770 consulem

204 2829 230 2868 a.
248 2809 308 2869 565
336 2810 496 2869 Hennenus
525 2811 556 2868 in
583 2828 652 2867 anu.
679 2809 750 2866 inst.
776 2806 854 2866 1852
881 2827 910 2884 p.
931 2808 1063 2882 140seq.
1090 2807 1284 2884 probabiliter
1310 2811 1438 2869 coniecit
1464 2829 1533 2888 pro·

205 2912 293 2970 bante
307 2913 395 2970 etiam
407 2900 649 2987 Waddingtonio.
683 2906 869 2982 Quibuscum
886 2908 936 2966 ubi
951 2907 1157 2984 componimus
1172 2909 1291 2968 titulum
1306 2912 1437 2970 eiusdem
1453 2923 1533 2972 aeta-

205 3012 254 3083 tis,
276 3030 381 3090 nempe
397 3012 466 3070 anni
482 3011 539 3070 561
565 3007 614 3086 (C.
627 3009 652 3066 I.
665 3007 720 3069 Gr.
736 3029 765 3066 n.
778 3007 885 3083 3045),
907 3009 937 3065 in
953 3025 1011 3083 quo
1025 3008 1066 3066 M.
1079 3007 1218 3067 Valerius
1233 3021 1352 3084 praetor
1366 3014 1535 3089 appellatur

206 3104 376 3194 στρατηγός,
397 3111 465 3170 inde
486 3111 664 3188 colligemus
681 3108 815 3170 Graecos
836 3109 868 3167 in
890 3108 1112 3185 magistratibus
1134 3111 1298 3170 maioribus
1314 3112 1459 3172 Romanis
1482 3135 1532 3192 ap·

205 3212 353 3288 pellendis
368 3213 513 3271 vocabula
532 3211 721 3290 expressisse
744 3209 889 3286 praetoris
913 3210 1036 3270 maximi
1056 3217 1086 3268 et
1099 3213 1258 3286 praetoris,
1280 3231 1339 3271 non
1355 3215 1489 3274 consulis
1503 3226 1534 3274 et

203 3315 360 3390 praetoria,
375 3315 438 3373 sire
452 3313 535 3390 quod
549 3313 684 3372 consulis
699 3311 862 3388 appellatio
876 3311 926 3369 rix
942 3320 1042 3388 potest
1055 3313 1174 3388 proprie
1186 3310 1303 3371 Graece
1317 3315 1394 3372 verti
1404 3315 1442 3392 ¹),
1458 3317 1532 3388 sive,

205 3412 235 3470 id
255 3415 337 3490 quod
359 3415 456 3492 magis
477 3413 664 3485 crediderim,
687 3412 765 3488 quod
787 3411 983 3470 formularum
1006 3410 1190 3472 Graecarum
1212 3413 1297 3490 origo
1319 3414 1475 3476 adscendit
1495 3418 1532 3476 ad

206 3513 236 3571 id
264 3525 398 3592 tempus,
426 3532 487 3590 quo
514 3515 645 3574 consulis
668 3513 830 3590 appellatio
852 3513 984 3590 vulgaria
1006 3514 1102 3592 magis
1123 3514 1181 3572 fuit
1201 3532 1291 3590 quarn
1313 3515 1478 3577 sollemnis.
1494 3551 1532 3562 —
1564 3449 1600 3582 Τ

205 3613 322 3674 Deinde
350 3633 418 3673 cum
445 3614 599 3672 brevitatis
625 3631 730 3686 causa,
756 3622 819 3672 tum
845 3622 877 3670 ut
898 3614 1037 3673 consules
1058 3623 1271 3693 praetoresque
1293 3619 1404 3676 certius
1427 3620 1533 3680 distin·

205 3725 374 3790 querentur,
400 3715 430 3772 in
457 3724 593 3790 praetore
620 3715 752 3772 maximo
780 3713 999 3773 substantivum
1026 3715 1121 3774 omitti
1148 3725 1284 3793 coeptum
1312 3728 1359 3777 est
1385 3720 1532 3780 adiectivo

206 3813 273 3871 solo
298 3823 423 3872 retento.
466 3813 620 3874 Breviorie
649 3815 713 3872 eius
739 3815 901 3874 locutionis
927 3816 959 3872 in
981 3813 1070 3872 editis
1092 3814 1188 3873 titulis
1210 3835 1269 3874 non
1292 3821 1410 3895 repperi
1432 3839 1532 3880 exem·

206 3912 288 3990 plum
316 3913 468 3990 antiquius
496 3913 649 3990 lapidibus
675 3901 812 3974 miliariis
839 3915 971 3974 consulis
998 3933 1025 3972 a.
1042 3933 1071 3971 u.
1086 3932 1111 3972 c.
1128 3913 1188 3972 625
1213 3915 1265 3973 Μ.’
1288 3917 1415 3991 Aquillii
1441 3921 1532 3978 vol.I

206 4033 234 4071 n.
253 4013 311 4073 557
330 4013 528 4086 =111‚479.
545 4015 636 4089 6093,
658 4034 713 4076 nec
733 4016 903 4094 repperisse
925 4033 958 4074 se
980 4014 1100 4090 scripsit
1114 4014 1213 4073 adme
1228 4014 1428 4090 peritissimus
1444 4019 1531 4078 huius

206 4114 380 4196 pujorinciae
401 4116 612 4192 epigrspbicue
634 4117 809 4193 explorator
822 4115 1043 4192 Dittenberger.
1079 4115 1226 4173 Ineditum
1242 4123 1341 4174 autem
1356 4117 1453 4176 adhuc
1467 4120 1532 4196 pul·

205 4215 443 4291 cherrimumque
458 4225 691 4290 monumentum,
715 4235 775 4293 quo
792 4217 898 4276 consul
919 4235 946 4276 a.
963 4216 1023 4276 584
1044 4217 1083 4273 A.
1099 4215 1250 4274 Hostilius
1265 4207 1374 4277 ὕπατος
1388 4219 1465 4277 uude
1481 4239 1533 4298 ap·
1569 4181 1575 4285 i

204 4315 343 4392 pellatur,
369 4309 542 4394 propediem
569 4318 707 4377 ostendet
733 4336 797 4377 eam
825 4316 1068 4375 consuetudinem
1094 4325 1162 4374 ante
1187 4315 1247 4374 iam
1269 4317 1402 4392 coepisse
1423 4319 1493 4380 inde
1515 4341 1535 4380 a
1568 4298 1573 4412 i

203 4417 326 4476 saeculo
348 4419 430 4478 urbis
453 4427 541 4478 sexto
563 4425 699 4478 exeunte.
714 4449 756 4460 -
778 4415 905 4477 Saeculo
927 4417 1054 4494 septimo
1076 4417 1193 4492 plenior
1214 4417 1376 4494 appellatio
1397 4425 1531 4482 rarescit.

204 4516 299 4576 Adest
327 4517 447 4594 quidem
472 4520 504 4592 in
530 4519 619 4578 titulo
641 4517 787 4577 Thebano
813 4517 906 4595 (Keil
933 4517 1000 4594 syll.
1022 4518 1111 4576 inser.
1134 4517 1239 4576 Boeot.
1266 4538 1295 4595 p.
1315 4519 1372 4597 83)
1399 4523 1532 4582 consulis

205 4633 232 4674 a.
247 4611 321 4676 608:
345 4609 493 4697 [A]en'moc
515 4611 641 4689 Μόμμιος
654 4609 772 4676 Λευκίου
796 4612 987 4700 [op-paraq&¹
1008 4607 1134 4696 dnnr[oa
1153 4611 1309 4696 ‘PwJaca'wv
1330 4611 1395 4682 τοῖς1
1407 4618 1531 4702 θε[οῒι],

204 4714 275 4772 item
303 4717 335 4774 in
362 4715 465 4778 Samio
496 4738 548 4792 eo,
582 4738 670 4795 quern
700 4736 792 4796 supra
820 4717 992 4790 attulimus,
1028 4737 1054 4776 a.
1077 4716 1177 4795 6192)
1208 4727 1238 4777 et
1264 4722 1344 4796 apud
1371 4721 1532 4799 Polybium

282 4901 306 4966 1)
335 4904 459 4960 Conamen
478 4919 577 4964 vertere
600 4899 760 4980 capessatur
778 4909 920 4974 Dionysius
939 4911 1044 4975 quidem
1062 4913 1159 4976 potuit,
1184 4925 1237 4964 non
1255 4914 1339 4977 potuit
1357 4912 1469 4966 Graecia
1486 4929 1531 4964 au-

204 4996 282 5047 tina

224 5011 241 5060 q
280 5083 305 5150 ¹>
335 5087 403 5140 Vide
428 5103 453 5153 p·
474 5091 535 5144 156.
577 5095 632 5160 Ipsi
655 5091 861 5158 Waddlugtonlo,
885 5099 976 5156 postea
997 5091 1042 5154 (ad
1067 5109 1092 5144 n.
1112 5093 1175 5156 588)
1201 5096 1228 5144 1ιι
1255 5101 1366 5144 mentm
1389 5095 1461 5144 venit
1483 5111 1531 5160 pro

205 5168 381 5244 maiatlas
397 5167 510 5247 elma
533 5185 611 5236 etlam
632 5185 683 5251 lsgl
702 5197 797 5250 possa,
822 5181 891 5250 qnod
916 5183 1033 5249 supplevi
1056 5197 1118 5248 ego,
1138 5172 1295 5254 ,στῙριιτηγδς
1317 5172 1439 5254 dJsmtt
1467 5185 1532 5236 fflstl

206 5271 291 5319 tamea
310 5271 516 5336 supplementum
535 5277 641 5328 adnuit
658 5282 765 5344 propter
782 5288 814 5328 aa
831 5289 897 5341 quae
915 5288 978 5326 mox
997 5273 1188 5328 indicabuntur.
