3826 5962
586 356 800 664 jlffiaaon
824 586 1026 640 aavaarvu.
1410 571 1482 644 231

160 760 244 820 vides
271 760 346 818 haec
374 758 474 817 omnia
500 756 581 816 dicta
605 772 674 814 esse
706 755 743 814 de
769 756 843 814 aede
873 767 960 816 extra
985 758 1087 816 urbem
1115 759 1225 835 posita.
1273 760 1381 820 deiude
1407 761 1485 839 quod

158 861 238 920 idem
259 860 440 919 Plutarchus
461 857 549 917 Rom.
574 855 611 916 27
639 863 743 914 hamat
769 856 930 915 secundum
958 859 1104 934 quosdam
1125 860 1287 920 Romulum
1314 859 1341 918 ἓν
1362 865 1404 937 τῷ
1425 863 1487 946 ἱερῷ

160 962 213 1018 τοῦ
231 954 391 1034 ‘llpm'rroa
414 980 432 1018 a
453 958 641 1018 senatoribus
663 957 795 1015 occisum
816 973 894 1028 esse,
916 976 951 1016 eo
970 958 1036 1017 loco
1059 960 1117 1017 iam
1134 959 1279 1020 Sachsius
1298 963 1366 1038 lp.
1384 963 1421 1020 tt
1443 964 1487 1022 ita

160 1078 234 1121 usos
250 1068 323 1133 erat,
345 1067 378 1120 ut
392 1061 497 1118 aedem
511 1061 543 1118 in
556 1059 686 1118 Volcani
708 1077 779 1117 area
799 1078 831 1116 re
851 1077 923 1116 vera
935 1058 1029 1119 fuisse
1043 1069 1124 1120 recte
1138 1071 1269 1138 negaret,
1290 1063 1486 1123 Plutarchum

161 1163 197 1222 de
226 1180 262 1220 ea
288 1163 420 1238 cogitare
446 1161 524 1220 laleo
552 1161 732 1219 adfirmaret.
774 1177 844 1218 nam
867 1159 1043 1236 quicumque
1064 1162 1192 1237 ineptias
1212 1163 1286 1222 istas
1308 1166 1489 1241 excogitavit

160 1264 187 1322 is
208 1263 370 1322 Romulum
395 1263 428 1320 in
454 1279 560 1339 campo
587 1261 702 1338 perisse
729 1278 839 1336 negare
866 1278 927 1318 non
953 1270 1083 1337 poteram
1116 1262 1203 1322 finxit
1229 1270 1328 1324 autem
1352 1273 1488 1325 senatum

162 1372 231 1421 ante
257 1372 376 1439 portam
402 1363 577 1422 convenisse
606 1362 636 1419 in
659 1379 695 1418 aa
716 1360 799 1432 aede,
821 1379 899 1435 quae
920 1369 1027 1436 postea
1051 1363 1094 1420 ibi
1115 1363 1195 1422 facta
1216 1374 1270 1436 est,
1297 1373 1331 1424 ut
1352 1367 1490 1426 similiter

162 1463 263 1522 fictum
285 1481 352 1522 esse
374 1463 461 1522 docui
483 1462 563 1539 quod
586 1462 622 1521 de
645 1470 751 1520 senatu
777 1462 808 1518 in
835 1462 908 1520 aede
929 1461 995 1520 lani
1016 1463 1055 1520 ad
1080 1465 1227 1522 theatrum
1250 1465 1386 1524 Marcelli
1410 1467 1490 1526 facto

164 1563 244 1640 apud
259 1563 384 1622 Festum
398 1563 525 1641 legimus
540 1582 578 1621 ex
592 1563 695 1621 nescio
710 1561 819 1638 quibus
834 1563 991 1621 annalibus
1007 1573 1178 1640 excerptum
1194 1565 1235 1640 (v.
1250 1553 1370 1626 Hermas
1385 1569 1414 1640 4,
1430 1566 1491 1626 234

169 1665 238 1740 Tap.
261 1664 290 1737 2,
313 1664 372 1722 267
395 1663 445 1739 a).
493 1681 597 1722 ansam
628 1663 771 1740 praebere
803 1664 937 1738 potuisse
968 1663 1078 1722 talibus
1110 1667 1286 1725 commentis
1318 1669 1491 1728 senaculum

162 1783 230 1824 cum
255 1765 410 1825 volcanali
432 1764 621 1823 coniunctum
644 1771 673 1822 et
695 1761 838 1823 Sachsius
859 1763 879 1821 l.
903 1783 926 1821 c.
949 1763 1023 1822 vidit
1043 1783 1098 1822 nec
1119 1766 1269 1842 ignoravit
1289 1768 1355 1844 ipse
1376 1768 1492 1828 Detlei-

163 1881 253 1925 senam
275 1865 295 1922 l.
318 1884 344 1924 c.
371 1885 401 1942 p.
427 1865 495 1922 151.
523 1895 564 1908 -
596 1866 769 1940 ignoramus
802 1883 863 1940 quo
895 1873 1028 1942 tempore
1059 1866 1140 1926 iacta
1168 1868 1208 1926 sit
1233 1869 1322 1928 aedes
1349 1868 1492 1928 Volcani:

163 1966 338 2027 crediderim
359 1976 459 2026 tamen
482 1982 549 2024 esse
572 1984 662 2024 anam
678 1965 715 2023 de
729 1964 842 2036 multis,
866 1964 903 2024 de
923 1983 1049 2041 quarum
1064 1967 1189 2042 origine,
1211 1970 1239 2028 si
1252 1967 1373 2028 Liviani
1393 1971 1494 2048 operis

163 2067 233 2126 libri
259 2063 338 2126 inde'
355 2068 393 2125 ab
419 2065 576 2125 undecimo
605 2067 644 2124 ad
665 2065 840 2124 vicesimum
863 2075 1009 2138 extarent,
1036 2075 1194 2126 constaret.
1238 2088 1291 2129 eos
1319 2070 1409 2130 libros
1442 2073 1494 2148 qui

164 2167 365 2244 epitomerunt
390 2186 458 2226 raro
485 2168 686 2226 dedicationes
713 2166 901 2242 templorum,
929 2186 1055 2244 quorum
1081 2188 1190 2246 magna
1215 2189 1287 2247 pars
1313 2179 1419 2246 postea
1443 2183 1495 2232 aut

163 2269 341 2328 interierunt
369 2277 422 2326 aut
447 2277 526 2326 certe
547 2287 651 2345 parum
674 2267 794 2344 cognita
814 2267 941 2340 fuerunt,
967 2269 1128 2328 lectoribus
1151 2271 1215 2328 suis
1236 2271 1363 2348 prodere
1385 2292 1494 2351 operae

163 2370 293 2447 pretium
320 2369 484 2428 duxerunt:
518 2387 553 2428 eo
582 2369 677 2444 magis
704 2368 864 2428 dolendum
890 2377 946 2442 eat,
978 2370 1058 2447 quod
1080 2370 1118 2428 ad
1150 2389 1220 2429 rara
1247 2373 1320 2431 haec
1347 2373 1495 2433 fastorum

165 2489 319 2530 sacrorum
341 2471 469 2547 vestigia
489 2469 669 2546 topographi
690 2489 751 2528 non
774 2470 847 2528 satis
871 2471 1068 2531 attenderunt.
1101 2470 1194 2528 veluti
1209 2471 1321 2530 frustra
1341 2474 1421 2550 apud
1443 2493 1495 2533 eos

165 2573 353 2648 quaesiveris
390 2571 562 2630 memoriam
595 2571 679 2629 aedis
712 2570 797 2628 Palis
829 2589 849 2628 a
880 2573 921 2630 Μ.
953 2573 1049 2630 Atilio
1082 2589 1108 2628 a.
1137 2571 1198 2630 487
1230 2583 1328 2642 votae,
1365 2573 1402 2631 de
1434 2592 1494 2650 qua

165 2673 274 2732 Florus
299 2675 325 2744 1,
350 2671 399 2745 15,
422 2672 475 2730 20:
510 2675 587 2730 etin
608 2673 660 2729 boa
682 2675 832 2730 certamine
853 2675 978 2746 pretium
1005 2671 1137 2746 temptam
1170 2671 1225 2728 aidi
1248 2677 1383 2747 pastoria
1409 2674 1496 2734 Palea

165 2774 241 2833 altro
257 2777 400 2850 poposcit,
424 2771 547 2833 Scholia
568 2771 657 2832 Bern.
680 2772 718 2830 ed
740 2770 831 2848 Verg.
854 2769 910 2831 Ge.
933 2771 962 2843 3,
986 2771 1000 2828 1
1027 2771 1146 2846 (mapna
1166 2770 1283 2847 Palea).·
1305 2775 1406 2848 templo
1430 2779 1456 2834 ei
1477 2795 1497 2833 a

165 2875 274 2952 Reputo
296 2879 445 2935 constituto
468 2873 625 2933 Sallentini
645 2875 713 2931 victi
733 2883 807 2931 sunt.
840 2871 996 2931 Brundisii
1017 2871 1227 2946 imperatorem
1249 2871 1418 2934 Romanum
1439 2877 1496 2936 hoc

166 2977 309 3053 templum
331 2975 438 3034 fecisse
460 2975 529 3051 quis
553 2973 653 3032 credet
673 2973 809 3030 Prellero
832 2971 937 3047 (Mptb.
959 2991 989 3048 p.
1006 2970 1100 3046 365)?

250 3075 473 3152 Relinquantur
499 3092 588 3134 sacra
613 3074 703 3131 huius
730 3071 789 3130 diei
817 3071 887 3130 bina
917 3071 1066 3150 Quia-(ino)
1095 3075 1125 3130 in
1149 3073 1230 3144 colle,
1259 3073 1418 3153 Volk(ana)
1442 3078 1496 3155 [in]

167 3181 288 3238 comitio.
331 3178 485 3236 comitium
514 3175 621 3234 aetatis
653 3173 746 3243 illius,
778 3191 816 3231 ne
848 3173 980 3248 abripiar
1011 3173 1110 3231 alieno
1142 3173 1210 3233 loco
1243 3175 1274 3233 in
1306 3179 1496 3252 quaestiones

166 3277 374 3351 difficillimas,
406 3279 481 3337 satis
508 3277 548 3335 sit
574 3274 728 3334 monuisse
755 3293 815 3332 non
842 3289 909 3332 esse
934 3273 1032 3349 ipsam
1054 3271 1183 3332 Volcani
1205 3291 1320 3349 aream,
1349 3279 1402 3337 sed
1424 3278 1497 3340 Vol·

167 3379 265 3439 canali
293 3379 466 3438 subiectum.
509 3377 542 3435 in
568 3375 688 3436 comitio
714 3374 816 3452 igitur,
849 3373 900 3432 ubi
926 3373 1163 3450 Quinquatribus
1197 3375 1267 3434 salii
1287 3359 1366 3437 *cum
1398 3383 1498 3455 ponti-

167 3479 275 3540 ficibus
302 3487 332 3539 et
359 3479 487 3538 tribunis
515 3478 645 3536 celerum
676 3476 834 3548 iaciebant,
868 3493 985 3535 sacrum
1013 3474 1148 3534 Volcano
1180 3484 1241 3536 tum
1274 3477 1373 3537 fiebat.
1417 3481 1498 3542 haud

167 3581 274 3658 procul
295 3599 314 3638 a
335 3579 456 3638 comitio
484 3579 516 3636 in
542 3579 608 3656 ipso
634 3577 699 3636 loro
726 3577 863 3636 audimus
890 3577 963 3635 deae
988 3595 1054 3634 cum
1077 3575 1214 3636 Volcano
1236 3578 1498 3643 coniunctissimas

168 3701 188 3740 a
209 3681 296 3758 plebe
310 3666 450 3738 Romana
471 3678 556 3754 ignes
579 3696 646 3737 esse
668 3695 822 3736 accensos.
855 3695 922 3734 nam
945 3677 988 3734 ita
1001 3675 1111 3736 Festus
1134 3695 1163 3753 p.
1180 3678 1254 3738 317:
1283 3677 1498 3744 Staminariis

169 3781 354 3840 simulacrum
385 3783 415 3836 in
440 3781 511 3852 soro
544 3779 697 3837 colebatur.
736 3789 891 3854 postquam
922 3778 955 3834 id
979 3773 999 3846 †
1025 3776 1204 3836 collastravit
1232 3797 1266 3837 ne
1293 3779 1406 3856 lapidea
1434 3789 1499 3860 ipae

170 3887 417 3956 corrumperentur
438 3882 487 3954 qai
501 3879 623 3954 plurimi
637 3878 784 3954 (plurimis
799 3877 881 3953 cod.)
902 3877 942 3935 ibi
955 3877 1064 3952 fiebant
1083 3887 1219 3935 nocturno
1241 3889 1372 3954 ternpore,
1394 3901 1500 3959 mapna
1533 3920 1539 3930 ·

166 3999 243 4060 pars
266 3979 372 4057 populi
398 3983 429 4038 in
458 3997 523 4039 saca
553 3982 673 4055 quiaque
697 3984 774 4038 oiooa
802 3977 970 4036 rettulerant
995 3979 1053 4034 eiua
1081 3977 1150 4034 deae
1171 3977 1283 4035 cultam.
1326 3989 1499 4057 corruptum

168 4083 245 4142 illud
267 4081 444 4142 collastravit
464 4079 641 4140 Huschkius
662 4082 791 4139 correxit
812 4077 969 4138 scribendo
990 4077 1071 4137 Cotta
1091 4081 1202 4135 stravit.
1236 4085 1267 4136 at
1288 4079 1357 4153 quis
1379 4091 1426 4140 est
1447 4083 1499 4143 ille

170 4183 263 4245 Cotta
283 4182 327 4242 sio
346 4183 425 4240 nude
447 4181 638 4242 nominatus?
667 4192 697 4240 et
718 4197 852 4240 cernon
872 4178 971 4256 potius
992 4177 1132 4236 scribitur
1153 4175 1239 4234 Sulla
1259 4181 1381 4238 stravit!
1408 4183 1499 4243 modo

169 4305 207 4346 ne
230 4303 298 4344 cum
319 4284 455 4343 Prellero
477 4283 583 4359 (Myra.
603 4303 632 4360 p.
650 4281 723 4358 530)
748 4280 866 4340 Cottam
889 4276 1040 4339 Sullamre
1061 4277 1160 4337 foram
1181 4277 1332 4354 lapidibus
1355 4283 1500 4344 stravisse

169 4395 270 4464 putes,
292 4405 329 4444 ne
350 4385 435 4461 ignes
458 4382 560 4444 Statae
587 4383 703 4442 accensi
729 4381 879 4458 lapidibus
900 4387 1048 4438 nocerent.
1093 4377 1176 4438 vides
1197 4379 1283 4438 illum
1305 4381 1500 4462 quiscumque
1528 4393 1534 4477 l

169 4487 227 4548 tuit
257 4487 400 4547 stravisse
433 4487 490 4544 hoc
518 4492 566 4544 est
597 4484 772 4560 deposuisse
805 4489 944 4551 statuam,
976 4489 1010 4540 ut
1040 4481 1162 4540 arbores
1195 4479 1314 4557 aliaque
1345 4483 1376 4540 id
1404 4502 1498 4562 genus

171 4588 264 4648 sterni
284 4587 432 4658 dicuntur,
458 4604 518 4662 quo
539 4585 619 4643 iacto
641 4583 761 4643 vicatim
783 4582 840 4642 dea
859 4583 914 4641 illa
935 4581 994 4641 coli
1014 4591 1121 4659 coepta
1141 4587 1196 4640 est.
1239 4589 1344 4642 notum
1365 4591 1412 4643 est
1432 4605 1498 4646 eam
1528 4552 1532 4614 l

171 4686 343 4762 religionem
369 4687 408 4746 ab
436 4689 577 4764 Augusto
602 4686 782 4761 imperatore
808 4685 1005 4743 instauratam
1032 4700 1107 4742 esse.
1151 4689 1281 4742 ceterum
1302 4683 1401 4744 iorum
1422 4687 1499 4764 lapi·

173 4785 262 4845 dibus
284 4794 409 4846 suatum
431 4788 527 4847 fuisse
546 4796 615 4846 ante
636 4805 662 4844 a.
686 4785 758 4858 458,
785 4802 844 4861 quo
866 4785 932 4843 viae
952 4784 1090 4859 publicae
1115 4785 1147 4842 in
1168 4784 1242 4842 urbe
1263 4784 1356 4844 sterni
1376 4795 1501 4862 coeptae

173 4892 254 4956 sunt,
275 4895 508 4947 consentaneum
529 4896 585 4948 est.
627 4893 743 4946 remoto
764 4887 856 4963 igitur
876 4905 895 4945 a
914 4885 972 4943 lori
994 4903 1064 4945 area
1085 4885 1247 4944 simulacro
1267 4884 1340 4943 deae
1360 4886 1501 4963 populari

172 4986 320 5064 religione
342 4994 372 5044 et
392 5005 475 5046 more
496 5007 542 5062 eo,
564 4988 616 5066 qui
636 5008 718 5048 nuno
738 5005 857 5065 quoque
879 5005 933 5064 per
954 4987 1084 5046 aestivos
1105 5005 1223 5049 menses
1241 4988 1356 5048 Romae
1377 4986 1500 5063 obtinet,

174 5087 280 5162 cultae,
301 5089 333 5147 in
355 5087 424 5164 ipso
446 5091 564 5149 comitio
587 5098 639 5148 aut
659 5089 772 5149 mansit
792 5097 845 5148 aut
864 5089 1061 5147 instauratum
1083 5095 1129 5146 est
1148 5089 1266 5166 coniugi
1288 5090 1352 5147 eius
1373 5106 1500 5150 sacrum.

174 5187 227 5246 sed
248 5189 331 5250 nullo
353 5208 420 5250 cum
443 5189 571 5251 Volcani
596 5191 742 5268 religione
768 5190 886 5250 vinculo
909 5187 1028 5262 Quirini
1052 5187 1084 5248 in
1109 5190 1187 5250 colla
1215 5206 1334 5250 sacrum
1355 5208 1502 5250 conexum

1240 5289 1297 5349 17*
