<?xml version="1.0" encoding="UTF-8"?>
<!DOCTYPE html PUBLIC "-//W3C//DTD XHTML 1.0 Transitional//EN"
    "http://www.w3.org/TR/xhtml1/DTD/xhtml1-transitional.dtd">
<html xmlns="http://www.w3.org/1999/xhtml" xml:lang="en" lang="en">
 <head>
  <title>
</title>
<meta http-equiv="Content-Type" content="text/html;charset=utf-8" />
  <meta name='ocr-system' content='tesseract 3.04.00' />
  <meta name='ocr-capabilities' content='ocr_page ocr_carea ocr_par ocr_line ocrx_word'/>
</head>
<body>
  <div class='ocr_page' id='page_1' title='image "./ephemerisepigra01henzgoog_0122.png"; bbox 0 0 3858 5960; ppageno 0'>
   <div class='ocr_carea' id='block_1_1' title="bbox 619 647 1514 718">
    <p class='ocr_par' dir='ltr' id='par_1_1' title="bbox 619 647 1514 718">
     <span class='ocr_line' id='line_1_1' title="bbox 619 647 1514 718; baseline 0.013 -14"><span class='ocrx_word' id='word_1_1' title='bbox 619 652 1097 710; x_wconf 75' lang='lat' dir='ltr'><strong>nueamrromnaoronrs.</strong></span> <span class='ocrx_word' id='word_1_2' title='bbox 1445 647 1514 718; x_wconf 89' lang='grc'><strong>101</strong></span> 
     </span>
    </p>
   </div>
   <div class='ocr_carea' id='block_1_2' title="bbox 1114 757 1519 776">
    <p class='ocr_par' dir='ltr' id='par_1_2' title="bbox 1114 757 1519 776">
     <span class='ocr_line' id='line_1_2' title="bbox 1114 757 1519 776; baseline -0.012 -8"><span class='ocrx_word' id='word_1_3' title='bbox 1114 757 1519 776; x_wconf 44' lang='grc' dir='ltr'><strong>-ψ-η</strong></span> 
     </span>
    </p>
   </div>
   <div class='ocr_carea' id='block_1_3' title="bbox 184 826 1531 3934">
    <p class='ocr_par' dir='ltr' id='par_1_3' title="bbox 190 826 1531 1704">
     <span class='ocr_line' id='line_1_3' title="bbox 275 826 1518 909; baseline 0.005 -23"><span class='ocrx_word' id='word_1_4' title='bbox 275 826 494 904; x_wconf 80' lang='lat' dir='ltr'><strong>Exemplorum</strong></span> <span class='ocrx_word' id='word_1_5' title='bbox 514 841 594 902; x_wconf 86' lang='lat' dir='ltr'><strong>quae</strong></span> <span class='ocrx_word' id='word_1_6' title='bbox 615 842 709 904; x_wconf 89' lang='lat' dir='ltr'><strong>supra</strong></span> <span class='ocrx_word' id='word_1_7' title='bbox 723 826 891 887; x_wconf 75' lang='lat' dir='ltr'><strong>rettulimus</strong></span> <span class='ocrx_word' id='word_1_8' title='bbox 905 837 1041 904; x_wconf 82' lang='lat' dir='ltr'><strong>tempora</strong></span> <span class='ocrx_word' id='word_1_9' title='bbox 1054 828 1106 904; x_wconf 92' lang='lat' dir='ltr'><strong>qui</strong></span> <span class='ocrx_word' id='word_1_10' title='bbox 1121 830 1272 906; x_wconf 90' lang='lat' dir='ltr'><strong>spectarit,</strong></span> <span class='ocrx_word' id='word_1_11' title='bbox 1293 831 1454 909; x_wconf 76' lang='lat' dir='ltr'><strong>perspiciet</strong></span> <span class='ocrx_word' id='word_1_12' title='bbox 1466 851 1518 892; x_wconf 84' lang='lat' dir='ltr'><strong>ex·</strong></span> 
     </span>
     <span class='ocr_line' id='line_1_4' title="bbox 190 925 1519 1008; baseline 0.004 -22"><span class='ocrx_word' id='word_1_13' title='bbox 190 927 288 1005; x_wconf 90' lang='lat' dir='ltr'><strong>ceptis</strong></span> <span class='ocrx_word' id='word_1_14' title='bbox 309 935 451 1004; x_wconf 87' lang='lat' dir='ltr'><strong>quattuor</strong></span> <span class='ocrx_word' id='word_1_15' title='bbox 464 925 536 999; x_wconf 92' lang='lat' dir='ltr'><strong>illis,</strong></span> <span class='ocrx_word' id='word_1_16' title='bbox 558 944 635 1002; x_wconf 90' lang='lat' dir='ltr'><strong>quos</strong></span> <span class='ocrx_word' id='word_1_17' title='bbox 648 927 795 1004; x_wconf 91' lang='lat' dir='ltr'><strong>principio</strong></span> <span class='ocrx_word' id='word_1_18' title='bbox 809 927 907 1002; x_wconf 90' lang='lat' dir='ltr'><strong>posui,</strong></span> <span class='ocrx_word' id='word_1_19' title='bbox 928 945 1031 987; x_wconf 91' lang='lat' dir='ltr'><strong>omnes</strong></span> <span class='ocrx_word' id='word_1_20' title='bbox 1045 929 1213 1006; x_wconf 88' lang='lat' dir='ltr'><strong>praefectos</strong></span> <span class='ocrx_word' id='word_1_21' title='bbox 1228 931 1356 1008; x_wconf 78' lang='lat' dir='ltr'><strong>legionis</strong></span> <span class='ocrx_word' id='word_1_22' title='bbox 1370 931 1519 1008; x_wconf 90' lang='lat' dir='ltr'><strong>pertinere</strong></span> 
     </span>
     <span class='ocr_line' id='line_1_5' title="bbox 191 1025 1519 1107; baseline 0.005 -23"><span class='ocrx_word' id='word_1_23' title='bbox 191 1028 230 1085; x_wconf 91' lang='lat' dir='ltr'><strong>ad</strong></span> <span class='ocrx_word' id='word_1_24' title='bbox 252 1033 381 1088; x_wconf 87' lang='lat' dir='ltr'><strong>aetatem</strong></span> <span class='ocrx_word' id='word_1_25' title='bbox 400 1025 506 1088; x_wconf 83' lang='lat' dir='ltr'><strong>Seueri</strong></span> <span class='ocrx_word' id='word_1_26' title='bbox 525 1027 652 1103; x_wconf 90' lang='lat' dir='ltr'><strong>imperio</strong></span> <span class='ocrx_word' id='word_1_27' title='bbox 673 1043 733 1086; x_wconf 91' lang='lat' dir='ltr'><strong>non</strong></span> <span class='ocrx_word' id='word_1_28' title='bbox 753 1027 967 1104; x_wconf 83' lang='lat' dir='ltr'><strong>antiquioremr</strong></span> <span class='ocrx_word' id='word_1_29' title='bbox 990 1028 1146 1088; x_wconf 90' lang='lat' dir='ltr'><strong>mirabitur</strong></span> <span class='ocrx_word' id='word_1_30' title='bbox 1166 1039 1266 1089; x_wconf 86' lang='lat' dir='ltr'><strong>autem</strong></span> <span class='ocrx_word' id='word_1_31' title='bbox 1287 1031 1375 1104; x_wconf 91' lang='lat' dir='ltr'><strong>idem,</strong></span> <span class='ocrx_word' id='word_1_32' title='bbox 1401 1031 1519 1107; x_wconf 86' lang='lat' dir='ltr'><strong>opinor,</strong></span> 
     </span>
     <span class='ocr_line' id='line_1_6' title="bbox 190 1126 1518 1204; baseline 0.005 -21"><span class='ocrx_word' id='word_1_33' title='bbox 190 1127 283 1202; x_wconf 93' lang='lat' dir='ltr'><strong>quod,</strong></span> <span class='ocrx_word' id='word_1_34' title='bbox 308 1145 376 1186; x_wconf 91' lang='lat' dir='ltr'><strong>cum</strong></span> <span class='ocrx_word' id='word_1_35' title='bbox 397 1127 518 1186; x_wconf 87' lang='lat' dir='ltr'><strong>saeculo</strong></span> <span class='ocrx_word' id='word_1_36' title='bbox 539 1128 627 1187; x_wconf 91' lang='lat' dir='ltr'><strong>tertio</strong></span> <span class='ocrx_word' id='word_1_37' title='bbox 646 1135 708 1186; x_wconf 89' lang='lat' dir='ltr'><strong>tam</strong></span> <span class='ocrx_word' id='word_1_38' title='bbox 728 1126 899 1204; x_wconf 87' lang='lat' dir='ltr'><strong>frequentes</strong></span> <span class='ocrx_word' id='word_1_39' title='bbox 920 1127 1120 1201; x_wconf 82' lang='lat' dir='ltr'><strong>inveniantur,</strong></span> <span class='ocrx_word' id='word_1_40' title='bbox 1142 1137 1231 1188; x_wconf 91' lang='lat' dir='ltr'><strong>antea</strong></span> <span class='ocrx_word' id='word_1_41' title='bbox 1251 1137 1313 1188; x_wconf 91' lang='lat' dir='ltr'><strong>tam</strong></span> <span class='ocrx_word' id='word_1_42' title='bbox 1334 1131 1394 1190; x_wconf 90' lang='lat' dir='ltr'><strong>rari</strong></span> <span class='ocrx_word' id='word_1_43' title='bbox 1416 1149 1518 1190; x_wconf 91' lang='lat' dir='ltr'><strong>occur·</strong></span> 
     </span>
     <span class='ocr_line' id='line_1_7' title="bbox 191 1227 1518 1305; baseline 0.005 -21"><span class='ocrx_word' id='word_1_44' title='bbox 191 1235 268 1297; x_wconf 90' lang='lat' dir='ltr'><strong>rant,</strong></span> <span class='ocrx_word' id='word_1_45' title='bbox 289 1235 380 1304; x_wconf 87' lang='lat' dir='ltr'><strong>atque</strong></span> <span class='ocrx_word' id='word_1_46' title='bbox 401 1247 438 1288; x_wconf 91' lang='lat' dir='ltr'><strong>eo</strong></span> <span class='ocrx_word' id='word_1_47' title='bbox 459 1227 614 1286; x_wconf 73' lang='lat' dir='ltr'><strong>inclinabit</strong></span> <span class='ocrx_word' id='word_1_48' title='bbox 634 1237 667 1286; x_wconf 94' lang='grc' dir='ltr'><strong>ιιι</strong></span> <span class='ocrx_word' id='word_1_49' title='bbox 686 1229 854 1304; x_wconf 86' lang='lat' dir='ltr'><strong>praefectos</strong></span> <span class='ocrx_word' id='word_1_50' title='bbox 875 1228 1004 1304; x_wconf 78' lang='lat' dir='ltr'><strong>legionis</strong></span> <span class='ocrx_word' id='word_1_51' title='bbox 1024 1229 1127 1288; x_wconf 90' lang='lat' dir='ltr'><strong>credat</strong></span> <span class='ocrx_word' id='word_1_52' title='bbox 1147 1236 1199 1287; x_wconf 89' lang='lat' dir='ltr'><strong>aut</strong></span> <span class='ocrx_word' id='word_1_53' title='bbox 1215 1229 1422 1305; x_wconf 84' lang='lat' dir='ltr'><strong>magistratum</strong></span> <span class='ocrx_word' id='word_1_54' title='bbox 1437 1232 1518 1290; x_wconf 93' lang='lat' dir='ltr'><strong>ordi·</strong></span> 
     </span>
     <span class='ocr_line' id='line_1_8' title="bbox 190 1326 1518 1407; baseline 0.005 -23"><span class='ocrx_word' id='word_1_55' title='bbox 190 1326 308 1384; x_wconf 69' lang='lat' dir='ltr'><strong>uadum</strong></span> <span class='ocrx_word' id='word_1_56' title='bbox 324 1327 509 1404; x_wconf 80' lang='lat' dir='ltr'><strong>temporibus</strong></span> <span class='ocrx_word' id='word_1_57' title='bbox 530 1328 683 1404; x_wconf 79' lang='lat' dir='ltr'><strong>prioribus</strong></span> <span class='ocrx_word' id='word_1_58' title='bbox 704 1346 765 1387; x_wconf 93' lang='lat' dir='ltr'><strong>non</strong></span> <span class='ocrx_word' id='word_1_59' title='bbox 785 1327 877 1388; x_wconf 91' lang='lat' dir='ltr'><strong>fuisso</strong></span> <span class='ocrx_word' id='word_1_60' title='bbox 890 1328 1060 1388; x_wconf 87' lang='lat' dir='ltr'><strong>institutum</strong></span> <span class='ocrx_word' id='word_1_61' title='bbox 1075 1335 1135 1398; x_wconf 88' lang='lat' dir='ltr'><strong>aut,</strong></span> <span class='ocrx_word' id='word_1_62' title='bbox 1158 1330 1185 1386; x_wconf 88' lang='lat' dir='ltr'><strong>si</strong></span> <span class='ocrx_word' id='word_1_63' title='bbox 1199 1329 1318 1402; x_wconf 86' lang='lat' dir='ltr'><strong>inerint,</strong></span> <span class='ocrx_word' id='word_1_64' title='bbox 1339 1331 1518 1407; x_wconf 89' lang='lat' dir='ltr'><strong>plerumque</strong></span> 
     </span>
     <span class='ocr_line' id='line_1_9' title="bbox 191 1425 1518 1506; baseline 0.005 -24"><span class='ocrx_word' id='word_1_65' title='bbox 191 1425 254 1484; x_wconf 89' lang='lat' dir='ltr'><strong>alio</strong></span> <span class='ocrx_word' id='word_1_66' title='bbox 276 1425 364 1486; x_wconf 91' lang='lat' dir='ltr'><strong>modo</strong></span> <span class='ocrx_word' id='word_1_67' title='bbox 386 1428 555 1504; x_wconf 88' lang='lat' dir='ltr'><strong>appellatos</strong></span> <span class='ocrx_word' id='word_1_68' title='bbox 576 1445 653 1488; x_wconf 85' lang='lat' dir='ltr'><strong>esse.</strong></span> <span class='ocrx_word' id='word_1_69' title='bbox 689 1425 755 1487; x_wconf 91' lang='lat' dir='ltr'><strong>Nos</strong></span> <span class='ocrx_word' id='word_1_70' title='bbox 775 1427 806 1486; x_wconf 92' lang='lat' dir='ltr'><strong>in</strong></span> <span class='ocrx_word' id='word_1_71' title='bbox 822 1445 964 1505; x_wconf 88' lang='lat' dir='ltr'><strong>praesens</strong></span> <span class='ocrx_word' id='word_1_72' title='bbox 978 1428 1097 1505; x_wconf 85' lang='lat' dir='ltr'><strong>quidem</strong></span> <span class='ocrx_word' id='word_1_73' title='bbox 1112 1428 1279 1504; x_wconf 87' lang='lat' dir='ltr'><strong>praefectos</strong></span> <span class='ocrx_word' id='word_1_74' title='bbox 1294 1429 1363 1488; x_wconf 92' lang='lat' dir='ltr'><strong>illos</strong></span> <span class='ocrx_word' id='word_1_75' title='bbox 1377 1439 1518 1506; x_wconf 89' lang='lat' dir='ltr'><strong>quattuor</strong></span> 
     </span>
     <span class='ocr_line' id='line_1_10' title="bbox 191 1527 1517 1606; baseline 0.006 -24"><span class='ocrx_word' id='word_1_76' title='bbox 191 1527 352 1599; x_wconf 75' lang='lat' dir='ltr'><strong>mittemus,</strong></span> <span class='ocrx_word' id='word_1_77' title='bbox 373 1545 446 1586; x_wconf 84' lang='lat' dir='ltr'><strong>mox</strong></span> <span class='ocrx_word' id='word_1_78' title='bbox 467 1527 540 1604; x_wconf 93' lang='lat' dir='ltr'><strong>quid</strong></span> <span class='ocrx_word' id='word_1_79' title='bbox 561 1527 598 1586; x_wconf 89' lang='lat' dir='ltr'><strong>de</strong></span> <span class='ocrx_word' id='word_1_80' title='bbox 619 1528 657 1586; x_wconf 89' lang='lat' dir='ltr'><strong>iis</strong></span> <span class='ocrx_word' id='word_1_81' title='bbox 680 1528 872 1587; x_wconf 90' lang='lat' dir='ltr'><strong>statuendum</strong></span> <span class='ocrx_word' id='word_1_82' title='bbox 893 1528 934 1586; x_wconf 91' lang='lat' dir='ltr'><strong>sit</strong></span> <span class='ocrx_word' id='word_1_83' title='bbox 949 1527 1152 1604; x_wconf 84' lang='lat' dir='ltr'><strong>disceptaturi,</strong></span> <span class='ocrx_word' id='word_1_84' title='bbox 1174 1527 1293 1606; x_wconf 90' lang='lat' dir='ltr'><strong>iamque</strong></span> <span class='ocrx_word' id='word_1_85' title='bbox 1307 1528 1344 1588; x_wconf 91' lang='lat' dir='ltr'><strong>dc</strong></span> <span class='ocrx_word' id='word_1_86' title='bbox 1357 1529 1517 1606; x_wconf 88' lang='lat' dir='ltr'><strong>praefectis</strong></span> 
     </span>
     <span class='ocr_line' id='line_1_11' title="bbox 191 1625 1531 1704; baseline 0.004 -22"><span class='ocrx_word' id='word_1_87' title='bbox 191 1625 320 1702; x_wconf 81' lang='lat' dir='ltr'><strong>legionis</strong></span> <span class='ocrx_word' id='word_1_88' title='bbox 341 1627 452 1686; x_wconf 87' lang='lat' dir='ltr'><strong>saeculi</strong></span> <span class='ocrx_word' id='word_1_89' title='bbox 474 1628 553 1686; x_wconf 89' lang='lat' dir='ltr'><strong>tertii</strong></span> <span class='ocrx_word' id='word_1_90' title='bbox 574 1645 762 1704; x_wconf 77' lang='lat' dir='ltr'><strong>quaeremus.</strong></span> <span class='ocrx_word' id='word_1_91' title='bbox 1527 1633 1531 1642; x_wconf 91' lang='grc'><strong>“</strong></span> 
     </span>
    </p>

    <p class='ocr_par' dir='ltr' id='par_1_4' title="bbox 184 1719 1518 3934">
     <span class='ocr_line' id='line_1_12' title="bbox 275 1719 1518 1805; baseline 0.004 -22"><span class='ocrx_word' id='word_1_92' title='bbox 275 1724 359 1784; x_wconf 89' lang='lat' dir='ltr'><strong>Inter</strong></span> <span class='ocrx_word' id='word_1_93' title='bbox 378 1725 548 1801; x_wconf 79' lang='lat' dir='ltr'><strong>preelectus</strong></span> <span class='ocrx_word' id='word_1_94' title='bbox 569 1719 730 1805; x_wconf 80' lang='lat' dir='ltr'><strong>legionum,</strong></span> <span class='ocrx_word' id='word_1_95' title='bbox 752 1744 878 1803; x_wconf 89' lang='lat' dir='ltr'><strong>qnorum</strong></span> <span class='ocrx_word' id='word_1_96' title='bbox 900 1727 1038 1786; x_wconf 72' lang='lat' dir='ltr'><strong>ncdmus</strong></span> <span class='ocrx_word' id='word_1_97' title='bbox 1056 1728 1202 1786; x_wconf 91' lang='lat' dir='ltr'><strong>honorum</strong></span> <span class='ocrx_word' id='word_1_98' title='bbox 1216 1745 1347 1801; x_wconf 90' lang='lat' dir='ltr'><strong>cursum,</strong></span> <span class='ocrx_word' id='word_1_99' title='bbox 1368 1749 1457 1789; x_wconf 90' lang='lat' dir='ltr'><strong>nemo</strong></span> <span class='ocrx_word' id='word_1_100' title='bbox 1471 1739 1518 1790; x_wconf 90' lang='lat' dir='ltr'><strong>est</strong></span> 
     </span>
     <span class='ocr_line' id='line_1_13' title="bbox 190 1825 1515 1904; baseline 0.004 -21"><span class='ocrx_word' id='word_1_101' title='bbox 190 1825 244 1901; x_wconf 91' lang='lat' dir='ltr'><strong>qui</strong></span> <span class='ocrx_word' id='word_1_102' title='bbox 265 1825 414 1901; x_wconf 90' lang='lat' dir='ltr'><strong>stipendia</strong></span> <span class='ocrx_word' id='word_1_103' title='bbox 434 1827 637 1886; x_wconf 89' lang='lat' dir='ltr'><strong>centurionica</strong></span> <span class='ocrx_word' id='word_1_104' title='bbox 657 1835 727 1886; x_wconf 87' lang='lat' dir='ltr'><strong>ante</strong></span> <span class='ocrx_word' id='word_1_105' title='bbox 747 1827 965 1904; x_wconf 75' lang='lat' dir='ltr'><strong>praefecturam</strong></span> <span class='ocrx_word' id='word_1_106' title='bbox 987 1845 1048 1886; x_wconf 92' lang='lat' dir='ltr'><strong>non</strong></span> <span class='ocrx_word' id='word_1_107' title='bbox 1061 1827 1166 1888; x_wconf 87' lang='lat' dir='ltr'><strong>fecerit</strong></span> <span class='ocrx_word' id='word_1_108' title='bbox 1186 1827 1230 1903; x_wconf 95' lang='lat' dir='ltr'><strong>(n.</strong></span> <span class='ocrx_word' id='word_1_109' title='bbox 1247 1829 1275 1888; x_wconf 91' lang='lat'><strong>8.</strong></span> <span class='ocrx_word' id='word_1_110' title='bbox 1290 1829 1318 1888; x_wconf 87' lang='grc'><strong>9.</strong></span> <span class='ocrx_word' id='word_1_111' title='bbox 1337 1829 1385 1888; x_wconf 91' lang='lat'><strong>10.</strong></span> <span class='ocrx_word' id='word_1_112' title='bbox 1402 1831 1450 1888; x_wconf 93' lang='grc'><strong>11.</strong></span> <span class='ocrx_word' id='word_1_113' title='bbox 1468 1831 1515 1888; x_wconf 91' lang='grc'><strong>15.</strong></span> 
     </span>
     <span class='ocr_line' id='line_1_14' title="bbox 192 1923 1517 2006; baseline 0.005 -24"><span class='ocrx_word' id='word_1_114' title='bbox 192 1923 242 1984; x_wconf 82' lang='lat'><strong>24.</strong></span> <span class='ocrx_word' id='word_1_115' title='bbox 259 1923 308 1984; x_wconf 88' lang='lat'><strong>28.</strong></span> <span class='ocrx_word' id='word_1_116' title='bbox 324 1927 373 1986; x_wconf 87' lang='lat'><strong>31.</strong></span> <span class='ocrx_word' id='word_1_117' title='bbox 389 1924 438 1986; x_wconf 79' lang='lat'><strong>32.</strong></span> <span class='ocrx_word' id='word_1_118' title='bbox 454 1928 504 1986; x_wconf 89' lang='grc'><strong>33.</strong></span> <span class='ocrx_word' id='word_1_119' title='bbox 520 1928 570 1988; x_wconf 89' lang='grc'><strong>35.</strong></span> <span class='ocrx_word' id='word_1_120' title='bbox 586 1925 626 1986; x_wconf 87' lang='grc'><strong>36</strong></span> <span class='ocrx_word' id='word_1_121' title='bbox 638 1927 677 2004; x_wconf 87' lang='lat'><strong>¹),</strong></span> <span class='ocrx_word' id='word_1_122' title='bbox 702 1935 735 1986; x_wconf 89' lang='lat' dir='ltr'><strong>ut</strong></span> <span class='ocrx_word' id='word_1_123' title='bbox 756 1945 808 1988; x_wconf 91' lang='lat' dir='ltr'><strong>eos</strong></span> <span class='ocrx_word' id='word_1_124' title='bbox 829 1927 966 1986; x_wconf 90' lang='lat' dir='ltr'><strong>homines</strong></span> <span class='ocrx_word' id='word_1_125' title='bbox 986 1927 1082 1986; x_wconf 87' lang='lat' dir='ltr'><strong>fuisse</strong></span> <span class='ocrx_word' id='word_1_126' title='bbox 1103 1937 1250 2006; x_wconf 79' lang='lat' dir='ltr'><strong>appareat</strong></span> <span class='ocrx_word' id='word_1_127' title='bbox 1269 1928 1427 1988; x_wconf 89' lang='lat' dir='ltr'><strong>humiliore</strong></span> <span class='ocrx_word' id='word_1_128' title='bbox 1447 1929 1517 1989; x_wconf 90' lang='lat' dir='ltr'><strong>loco</strong></span> 
     </span>
     <span class='ocr_line' id='line_1_15' title="bbox 190 2026 1517 2105; baseline 0.005 -21"><span class='ocrx_word' id='word_1_129' title='bbox 190 2035 295 2098; x_wconf 86' lang='lat' dir='ltr'><strong>natos,</strong></span> <span class='ocrx_word' id='word_1_130' title='bbox 320 2026 372 2103; x_wconf 91' lang='lat' dir='ltr'><strong>qui</strong></span> <span class='ocrx_word' id='word_1_131' title='bbox 396 2027 465 2086; x_wconf 90' lang='lat' dir='ltr'><strong>inde</strong></span> <span class='ocrx_word' id='word_1_132' title='bbox 491 2046 511 2085; x_wconf 91' lang='lat' dir='ltr'><strong>a</strong></span> <span class='ocrx_word' id='word_1_133' title='bbox 531 2027 628 2105; x_wconf 89' lang='lat' dir='ltr'><strong>caliga</strong></span> <span class='ocrx_word' id='word_1_134' title='bbox 649 2027 688 2086; x_wconf 91' lang='lat' dir='ltr'><strong>ad</strong></span> <span class='ocrx_word' id='word_1_135' title='bbox 709 2028 788 2086; x_wconf 93' lang='lat' dir='ltr'><strong>huuc</strong></span> <span class='ocrx_word' id='word_1_136' title='bbox 809 2027 908 2086; x_wconf 87' lang='lat' dir='ltr'><strong>locum</strong></span> <span class='ocrx_word' id='word_1_137' title='bbox 928 2029 1127 2104; x_wconf 75' lang='lat' dir='ltr'><strong>pervenerint</strong></span> <span class='ocrx_word' id='word_1_138' title='bbox 1171 2029 1286 2089; x_wconf 89' lang='lat' dir='ltr'><strong>Omnes</strong></span> <span class='ocrx_word' id='word_1_139' title='bbox 1307 2035 1407 2088; x_wconf 89' lang='lat' dir='ltr'><strong>tamen</strong></span> <span class='ocrx_word' id='word_1_140' title='bbox 1428 2035 1517 2090; x_wconf 86' lang='lat' dir='ltr'><strong>antea</strong></span> 
     </span>
     <span class='ocr_line' id='line_1_16' title="bbox 190 2127 1517 2206; baseline 0.004 -21"><span class='ocrx_word' id='word_1_141' title='bbox 190 2143 338 2186; x_wconf 90' lang='lat' dir='ltr'><strong>summum</strong></span> <span class='ocrx_word' id='word_1_142' title='bbox 357 2127 593 2188; x_wconf 88' lang='lat' dir='ltr'><strong>centurionatum</strong></span> <span class='ocrx_word' id='word_1_143' title='bbox 612 2128 634 2187; x_wconf 91' lang='lat' dir='ltr'><strong>i.</strong></span> <span class='ocrx_word' id='word_1_144' title='bbox 649 2149 676 2187; x_wconf 94' lang='lat' dir='ltr'><strong>e.</strong></span> <span class='ocrx_word' id='word_1_145' title='bbox 698 2127 911 2204; x_wconf 88' lang='lat' dir='ltr'><strong>primipilatum</strong></span> <span class='ocrx_word' id='word_1_146' title='bbox 925 2137 1093 2206; x_wconf 89' lang='lat' dir='ltr'><strong>gesserunt,</strong></span> <span class='ocrx_word' id='word_1_147' title='bbox 1113 2139 1232 2206; x_wconf 89' lang='lat' dir='ltr'><strong>praeter</strong></span> <span class='ocrx_word' id='word_1_148' title='bbox 1246 2147 1337 2188; x_wconf 90' lang='lat' dir='ltr'><strong>uuum</strong></span> <span class='ocrx_word' id='word_1_149' title='bbox 1352 2127 1392 2188; x_wconf 84' lang='lat' dir='ltr'><strong>G.</strong></span> <span class='ocrx_word' id='word_1_150' title='bbox 1406 2129 1517 2190; x_wconf 91' lang='lat' dir='ltr'><strong>lulium</strong></span> 
     </span>
     <span class='ocr_line' id='line_1_17' title="bbox 190 2225 1517 2307; baseline 0.002 -21"><span class='ocrx_word' id='word_1_151' title='bbox 190 2225 341 2286; x_wconf 86' lang='lat' dir='ltr'><strong>Caninum</strong></span> <span class='ocrx_word' id='word_1_152' title='bbox 361 2226 405 2303; x_wconf 88' lang='lat' dir='ltr'><strong>(u.</strong></span> <span class='ocrx_word' id='word_1_153' title='bbox 420 2227 482 2304; x_wconf 89' lang='grc'><strong>11),</strong></span> <span class='ocrx_word' id='word_1_154' title='bbox 503 2229 555 2304; x_wconf 91' lang='lat' dir='ltr'><strong>qui</strong></span> <span class='ocrx_word' id='word_1_155' title='bbox 576 2247 615 2288; x_wconf 87' lang='lat' dir='ltr'><strong>ex</strong></span> <span class='ocrx_word' id='word_1_156' title='bbox 636 2227 802 2288; x_wconf 84' lang='lat' dir='ltr'><strong>trecenario</strong></span> <span class='ocrx_word' id='word_1_157' title='bbox 823 2227 991 2303; x_wconf 81' lang='lat' dir='ltr'><strong>praefectus</strong></span> <span class='ocrx_word' id='word_1_158' title='bbox 1013 2229 1141 2307; x_wconf 78' lang='lat' dir='ltr'><strong>legionis</strong></span> <span class='ocrx_word' id='word_1_159' title='bbox 1162 2229 1261 2288; x_wconf 90' lang='lat' dir='ltr'><strong>factus</strong></span> <span class='ocrx_word' id='word_1_160' title='bbox 1282 2239 1343 2301; x_wconf 85' lang='lat' dir='ltr'><strong>est;</strong></span> <span class='ocrx_word' id='word_1_161' title='bbox 1364 2229 1397 2288; x_wconf 91' lang='lat' dir='ltr'><strong>id</strong></span> <span class='ocrx_word' id='word_1_162' title='bbox 1417 2236 1517 2290; x_wconf 90' lang='lat' dir='ltr'><strong>tamen</strong></span> 
     </span>
     <span class='ocr_line' id='line_1_18' title="bbox 189 2327 1517 2407; baseline 0.002 -21"><span class='ocrx_word' id='word_1_163' title='bbox 189 2346 229 2386; x_wconf 90' lang='lat' dir='ltr'><strong>ne</strong></span> <span class='ocrx_word' id='word_1_164' title='bbox 250 2327 381 2386; x_wconf 89' lang='lat' dir='ltr'><strong>mireris:</strong></span> <span class='ocrx_word' id='word_1_165' title='bbox 404 2328 586 2388; x_wconf 83' lang='lat' dir='ltr'><strong>trecenarius</strong></span> <span class='ocrx_word' id='word_1_166' title='bbox 607 2329 686 2388; x_wconf 91' lang='lat' dir='ltr'><strong>enim</strong></span> <span class='ocrx_word' id='word_1_167' title='bbox 709 2328 860 2406; x_wconf 90' lang='lat' dir='ltr'><strong>primipilo</strong></span> <span class='ocrx_word' id='word_1_168' title='bbox 875 2329 923 2388; x_wconf 88' lang='lat' dir='ltr'><strong>vel</strong></span> <span class='ocrx_word' id='word_1_169' title='bbox 945 2348 1000 2405; x_wconf 90' lang='lat' dir='ltr'><strong>par</strong></span> <span class='ocrx_word' id='word_1_170' title='bbox 1020 2337 1085 2388; x_wconf 91' lang='lat' dir='ltr'><strong>crat</strong></span> <span class='ocrx_word' id='word_1_171' title='bbox 1098 2329 1146 2388; x_wconf 84' lang='lat' dir='ltr'><strong>vel</strong></span> <span class='ocrx_word' id='word_1_172' title='bbox 1167 2336 1247 2388; x_wconf 89' lang='lat' dir='ltr'><strong>certe</strong></span> <span class='ocrx_word' id='word_1_173' title='bbox 1261 2330 1431 2406; x_wconf 84' lang='lat' dir='ltr'><strong>proximum</strong></span> <span class='ocrx_word' id='word_1_174' title='bbox 1445 2337 1517 2407; x_wconf 91' lang='lat' dir='ltr'><strong>post</strong></span> 
     </span>
     <span class='ocr_line' id='line_1_19' title="bbox 190 2428 1515 2508; baseline 0.003 -22"><span class='ocrx_word' id='word_1_175' title='bbox 190 2447 259 2487; x_wconf 89' lang='lat' dir='ltr'><strong>eum</strong></span> <span class='ocrx_word' id='word_1_176' title='bbox 284 2428 383 2487; x_wconf 90' lang='lat' dir='ltr'><strong>locum</strong></span> <span class='ocrx_word' id='word_1_177' title='bbox 407 2429 574 2503; x_wconf 86' lang='lat' dir='ltr'><strong>obtinebat,</strong></span> <span class='ocrx_word' id='word_1_178' title='bbox 602 2429 646 2487; x_wconf 90' lang='lat' dir='ltr'><strong>ita</strong></span> <span class='ocrx_word' id='word_1_179' title='bbox 671 2437 704 2487; x_wconf 92' lang='lat' dir='ltr'><strong>ut</strong></span> <span class='ocrx_word' id='word_1_180' title='bbox 728 2429 856 2504; x_wconf 92' lang='lat' dir='ltr'><strong>primum</strong></span> <span class='ocrx_word' id='word_1_181' title='bbox 882 2429 971 2488; x_wconf 91' lang='lat' dir='ltr'><strong>etiam</strong></span> <span class='ocrx_word' id='word_1_182' title='bbox 998 2429 1162 2506; x_wconf 89' lang='lat' dir='ltr'><strong>principem</strong></span> <span class='ocrx_word' id='word_1_183' title='bbox 1184 2429 1329 2508; x_wconf 87' lang='lat' dir='ltr'><strong>dignitate</strong></span> <span class='ocrx_word' id='word_1_184' title='bbox 1350 2438 1515 2507; x_wconf 91' lang='lat' dir='ltr'><strong>superaret.</strong></span> 
     </span>
     <span class='ocr_line' id='line_1_20' title="bbox 189 2528 1516 2607; baseline 0.002 -20"><span class='ocrx_word' id='word_1_185' title='bbox 189 2529 267 2587; x_wconf 91' lang='lat' dir='ltr'><strong>Post</strong></span> <span class='ocrx_word' id='word_1_186' title='bbox 287 2528 524 2588; x_wconf 88' lang='lat' dir='ltr'><strong>centurionatum</strong></span> <span class='ocrx_word' id='word_1_187' title='bbox 545 2528 691 2588; x_wconf 90' lang='lat' dir='ltr'><strong>minorem</strong></span> <span class='ocrx_word' id='word_1_188' title='bbox 717 2538 787 2588; x_wconf 89' lang='lat' dir='ltr'><strong>aute</strong></span> <span class='ocrx_word' id='word_1_189' title='bbox 806 2529 1021 2607; x_wconf 88' lang='lat' dir='ltr'><strong>primipilatum</strong></span> <span class='ocrx_word' id='word_1_190' title='bbox 1042 2529 1230 2605; x_wconf 80' lang='lat' dir='ltr'><strong>praefectura</strong></span> <span class='ocrx_word' id='word_1_191' title='bbox 1248 2529 1375 2605; x_wconf 91' lang='lat' dir='ltr'><strong>legionis</strong></span> <span class='ocrx_word' id='word_1_192' title='bbox 1395 2531 1516 2605; x_wconf 90' lang='lat' dir='ltr'><strong>ponitur</strong></span> 
     </span>
     <span class='ocr_line' id='line_1_21' title="bbox 188 2627 1515 2706; baseline 0.002 -20"><span class='ocrx_word' id='word_1_193' title='bbox 188 2628 222 2688; x_wconf 92' lang='lat' dir='ltr'><strong>in</strong></span> <span class='ocrx_word' id='word_1_194' title='bbox 244 2629 331 2687; x_wconf 89' lang='lat' dir='ltr'><strong>titulo</strong></span> <span class='ocrx_word' id='word_1_195' title='bbox 351 2649 381 2687; x_wconf 94' lang='lat' dir='ltr'><strong>n.</strong></span> <span class='ocrx_word' id='word_1_196' title='bbox 397 2630 448 2700; x_wconf 88' lang='grc'><strong>31,</strong></span> <span class='ocrx_word' id='word_1_197' title='bbox 474 2629 525 2688; x_wconf 83' lang='lat' dir='ltr'><strong>vix</strong></span> <span class='ocrx_word' id='word_1_198' title='bbox 549 2636 651 2689; x_wconf 89' lang='lat' dir='ltr'><strong>tamen</strong></span> <span class='ocrx_word' id='word_1_199' title='bbox 672 2629 777 2688; x_wconf 87' lang='lat' dir='ltr'><strong>eodem</strong></span> <span class='ocrx_word' id='word_1_200' title='bbox 798 2631 903 2688; x_wconf 87' lang='lat' dir='ltr'><strong>ordine</strong></span> <span class='ocrx_word' id='word_1_201' title='bbox 924 2629 965 2688; x_wconf 84' lang='lat' dir='ltr'><strong>M.</strong></span> <span class='ocrx_word' id='word_1_202' title='bbox 987 2628 1038 2687; x_wconf 92' lang='lat' dir='ltr'><strong>ille</strong></span> <span class='ocrx_word' id='word_1_203' title='bbox 1059 2629 1187 2706; x_wconf 84' lang='lat' dir='ltr'><strong>Apicius</strong></span> <span class='ocrx_word' id='word_1_204' title='bbox 1209 2627 1283 2687; x_wconf 91' lang='lat' dir='ltr'><strong>Trio</strong></span> <span class='ocrx_word' id='word_1_205' title='bbox 1304 2647 1428 2688; x_wconf 90' lang='lat' dir='ltr'><strong>munera</strong></span> <span class='ocrx_word' id='word_1_206' title='bbox 1447 2647 1515 2689; x_wconf 89' lang='lat' dir='ltr'><strong>sus-</strong></span> 
     </span>
     <span class='ocr_line' id='line_1_22' title="bbox 187 2727 1515 2806; baseline -0.002 -18"><span class='ocrx_word' id='word_1_207' title='bbox 187 2729 282 2806; x_wconf 88' lang='lat' dir='ltr'><strong>cepit;</strong></span> <span class='ocrx_word' id='word_1_208' title='bbox 305 2729 442 2805; x_wconf 88' lang='lat' dir='ltr'><strong>equidem</strong></span> <span class='ocrx_word' id='word_1_209' title='bbox 463 2729 494 2788; x_wconf 93' lang='lat' dir='ltr'><strong>in</strong></span> <span class='ocrx_word' id='word_1_210' title='bbox 515 2729 603 2788; x_wconf 91' lang='lat' dir='ltr'><strong>titulo</strong></span> <span class='ocrx_word' id='word_1_211' title='bbox 624 2729 725 2806; x_wconf 90' lang='lat' dir='ltr'><strong>potius</strong></span> <span class='ocrx_word' id='word_1_212' title='bbox 746 2747 902 2788; x_wconf 90' lang='lat' dir='ltr'><strong>muncrum</strong></span> <span class='ocrx_word' id='word_1_213' title='bbox 923 2727 1059 2788; x_wconf 86' lang='lat' dir='ltr'><strong>ordinem</strong></span> <span class='ocrx_word' id='word_1_214' title='bbox 1079 2728 1237 2788; x_wconf 91' lang='lat' dir='ltr'><strong>confusum</strong></span> <span class='ocrx_word' id='word_1_215' title='bbox 1258 2727 1461 2804; x_wconf 85' lang='lat' dir='ltr'><strong>Trionemque</strong></span> <span class='ocrx_word' id='word_1_216' title='bbox 1481 2736 1515 2786; x_wconf 90' lang='lat' dir='ltr'><strong>ut</strong></span> 
     </span>
     <span class='ocr_line' id='line_1_23' title="bbox 184 2821 1514 2907; baseline -0.002 -18"><span class='ocrx_word' id='word_1_217' title='bbox 184 2829 322 2906; x_wconf 90' lang='lat' dir='ltr'><strong>reliquos</strong></span> <span class='ocrx_word' id='word_1_218' title='bbox 342 2838 412 2906; x_wconf 89' lang='lat' dir='ltr'><strong>post</strong></span> <span class='ocrx_word' id='word_1_219' title='bbox 432 2829 648 2907; x_wconf 88' lang='lat' dir='ltr'><strong>primipilatum</strong></span> <span class='ocrx_word' id='word_1_220' title='bbox 668 2829 787 2888; x_wconf 91' lang='lat' dir='ltr'><strong>demum</strong></span> <span class='ocrx_word' id='word_1_221' title='bbox 808 2827 996 2905; x_wconf 89' lang='lat' dir='ltr'><strong>praefectura</strong></span> <span class='ocrx_word' id='word_1_222' title='bbox 1014 2827 1148 2886; x_wconf 91' lang='lat' dir='ltr'><strong>functum</strong></span> <span class='ocrx_word' id='word_1_223' title='bbox 1168 2843 1235 2886; x_wconf 86' lang='lat' dir='ltr'><strong>esse</strong></span> <span class='ocrx_word' id='word_1_224' title='bbox 1249 2821 1429 2902; x_wconf 83' lang='lat' dir='ltr'><strong>putarim¹).</strong></span> <span class='ocrx_word' id='word_1_225' title='bbox 1464 2825 1514 2886; x_wconf 82' lang='lat' dir='ltr'><strong>Ex</strong></span> 
     </span>
     <span class='ocr_line' id='line_1_24' title="bbox 187 2923 1513 3008; baseline -0.002 -20"><span class='ocrx_word' id='word_1_226' title='bbox 187 2930 256 3008; x_wconf 91' lang='lat' dir='ltr'><strong>ipso</strong></span> <span class='ocrx_word' id='word_1_227' title='bbox 276 2931 461 3008; x_wconf 90' lang='lat' dir='ltr'><strong>primipilatu</strong></span> <span class='ocrx_word' id='word_1_228' title='bbox 482 2929 522 2988; x_wconf 85' lang='lat' dir='ltr'><strong>ad</strong></span> <span class='ocrx_word' id='word_1_229' title='bbox 542 2929 758 3008; x_wconf 87' lang='lat' dir='ltr'><strong>praefecturam</strong></span> <span class='ocrx_word' id='word_1_230' title='bbox 773 2935 971 3006; x_wconf 83' lang='lat' dir='ltr'><strong>pervenerunt</strong></span> <span class='ocrx_word' id='word_1_231' title='bbox 991 2948 1020 2986; x_wconf 92' lang='grc' dir='ltr'><strong>ιι.</strong></span> <span class='ocrx_word' id='word_1_232' title='bbox 1038 2927 1086 2986; x_wconf 92' lang='grc'><strong>10.</strong></span> <span class='ocrx_word' id='word_1_233' title='bbox 1104 2926 1151 2986; x_wconf 92' lang='grc'><strong>15.</strong></span> <span class='ocrx_word' id='word_1_234' title='bbox 1168 2925 1217 2984; x_wconf 89' lang='lat'><strong>24.</strong></span> <span class='ocrx_word' id='word_1_235' title='bbox 1233 2923 1283 2986; x_wconf 87' lang='lat'><strong>28.</strong></span> <span class='ocrx_word' id='word_1_236' title='bbox 1299 2924 1392 3001; x_wconf 83' lang='grc'><strong>(311).</strong></span> <span class='ocrx_word' id='word_1_237' title='bbox 1408 2923 1457 2985; x_wconf 87' lang='lat'><strong>32.</strong></span> <span class='ocrx_word' id='word_1_238' title='bbox 1473 2926 1513 2985; x_wconf 89' lang='grc'><strong>33</strong></span> 
     </span>
     <span class='ocr_line' id='line_1_25' title="bbox 188 3025 1515 3108; baseline -0.004 -18"><span class='ocrx_word' id='word_1_239' title='bbox 188 3030 386 3108; x_wconf 89' lang='lat' dir='ltr'><strong>(primipilatu</strong></span> <span class='ocrx_word' id='word_1_240' title='bbox 400 3030 531 3106; x_wconf 82' lang='lat' dir='ltr'><strong>iterato).</strong></span> <span class='ocrx_word' id='word_1_241' title='bbox 547 3029 597 3090; x_wconf 83' lang='grc'><strong>35.</strong></span> <span class='ocrx_word' id='word_1_242' title='bbox 633 3028 732 3104; x_wconf 85' lang='lat' dir='ltr'><strong>Quam</strong></span> <span class='ocrx_word' id='word_1_243' title='bbox 753 3037 817 3088; x_wconf 91' lang='lat' dir='ltr'><strong>arte</strong></span> <span class='ocrx_word' id='word_1_244' title='bbox 837 3037 936 3088; x_wconf 88' lang='lat' dir='ltr'><strong>autem</strong></span> <span class='ocrx_word' id='word_1_245' title='bbox 956 3026 1143 3104; x_wconf 85' lang='lat' dir='ltr'><strong>praefectura</strong></span> <span class='ocrx_word' id='word_1_246' title='bbox 1161 3025 1395 3104; x_wconf 91' lang='lat' dir='ltr'><strong>primipilaritati</strong></span> <span class='ocrx_word' id='word_1_247' title='bbox 1413 3026 1515 3085; x_wconf 90' lang='lat' dir='ltr'><strong>iuncta</strong></span> 
     </span>
     <span class='ocr_line' id='line_1_26' title="bbox 187 3121 1514 3208; baseline -0.003 -18"><span class='ocrx_word' id='word_1_248' title='bbox 187 3131 292 3204; x_wconf 89' lang='lat' dir='ltr'><strong>fuerit,</strong></span> <span class='ocrx_word' id='word_1_249' title='bbox 320 3121 384 3190; x_wconf 76' lang='lat' dir='ltr'><strong>eius&#39;</strong></span> <span class='ocrx_word' id='word_1_250' title='bbox 409 3131 453 3190; x_wconf 90' lang='lat' dir='ltr'><strong>rei</strong></span> <span class='ocrx_word' id='word_1_251' title='bbox 478 3131 564 3191; x_wconf 86' lang='lat' dir='ltr'><strong>testis</strong></span> <span class='ocrx_word' id='word_1_252' title='bbox 589 3129 663 3189; x_wconf 83' lang='lat' dir='ltr'><strong>milri</strong></span> <span class='ocrx_word' id='word_1_253' title='bbox 690 3129 818 3208; x_wconf 88' lang='lat' dir='ltr'><strong>insignis</strong></span> <span class='ocrx_word' id='word_1_254' title='bbox 843 3129 960 3188; x_wconf 83' lang='lat' dir='ltr'><strong>ridetur</strong></span> <span class='ocrx_word' id='word_1_255' title='bbox 985 3145 1053 3188; x_wconf 89' lang='lat' dir='ltr'><strong>esse</strong></span> <span class='ocrx_word' id='word_1_256' title='bbox 1074 3127 1123 3188; x_wconf 84' lang='lat' dir='ltr'><strong>Ti.</strong></span> <span class='ocrx_word' id='word_1_257' title='bbox 1152 3125 1298 3187; x_wconf 79' lang='lat' dir='ltr'><strong>Claudius</strong></span> <span class='ocrx_word' id='word_1_258' title='bbox 1328 3124 1514 3188; x_wconf 88' lang='lat' dir='ltr'><strong>Secundinus</strong></span> 
     </span>
     <span class='ocr_line' id='line_1_27' title="bbox 188 3225 1512 3308; baseline -0.004 -18"><span class='ocrx_word' id='word_1_259' title='bbox 188 3231 231 3308; x_wconf 86' lang='grc' dir='ltr'>(ιι.</span> <span class='ocrx_word' id='word_1_260' title='bbox 248 3231 313 3306; x_wconf 86' lang='grc'><strong>33),</strong></span> <span class='ocrx_word' id='word_1_261' title='bbox 334 3231 472 3308; x_wconf 88' lang='lat' dir='ltr'><strong>quicum</strong></span> <span class='ocrx_word' id='word_1_262' title='bbox 494 3240 566 3308; x_wconf 88' lang='lat' dir='ltr'><strong>post</strong></span> <span class='ocrx_word' id='word_1_263' title='bbox 585 3231 715 3308; x_wconf 89' lang='lat' dir='ltr'><strong>priorem</strong></span> <span class='ocrx_word' id='word_1_264' title='bbox 736 3229 952 3306; x_wconf 90' lang='lat' dir='ltr'><strong>primipilatum</strong></span> <span class='ocrx_word' id='word_1_265' title='bbox 974 3229 1125 3307; x_wconf 89' lang='lat' dir='ltr'><strong>stipendia</strong></span> <span class='ocrx_word' id='word_1_266' title='bbox 1143 3226 1295 3304; x_wconf 90' lang='lat' dir='ltr'><strong>equestria</strong></span> <span class='ocrx_word' id='word_1_267' title='bbox 1307 3225 1438 3299; x_wconf 89' lang='lat' dir='ltr'><strong>fecisset,</strong></span> <span class='ocrx_word' id='word_1_268' title='bbox 1460 3244 1512 3285; x_wconf 91' lang='lat' dir='ltr'><strong>an·</strong></span> 
     </span>
     <span class='ocr_line' id='line_1_28' title="bbox 187 3327 1513 3410; baseline -0.005 -18"><span class='ocrx_word' id='word_1_269' title='bbox 187 3342 308 3408; x_wconf 91' lang='lat' dir='ltr'><strong>tequam</strong></span> <span class='ocrx_word' id='word_1_270' title='bbox 333 3331 500 3410; x_wconf 86' lang='lat' dir='ltr'><strong>praefectus</strong></span> <span class='ocrx_word' id='word_1_271' title='bbox 527 3331 625 3402; x_wconf 88' lang='lat' dir='ltr'><strong>tieret,</strong></span> <span class='ocrx_word' id='word_1_272' title='bbox 650 3331 748 3390; x_wconf 92' lang='lat' dir='ltr'><strong>denuo</strong></span> <span class='ocrx_word' id='word_1_273' title='bbox 774 3329 1105 3408; x_wconf 86' lang='lat' dir='ltr'><strong>primipilatnmgessit</strong></span> <span class='ocrx_word' id='word_1_274' title='bbox 1127 3346 1254 3404; x_wconf 90' lang='lat' dir='ltr'><strong>eumque</strong></span> <span class='ocrx_word' id='word_1_275' title='bbox 1274 3327 1418 3400; x_wconf 90' lang='lat' dir='ltr'><strong>fortasse,</strong></span> <span class='ocrx_word' id='word_1_276' title='bbox 1444 3344 1513 3386; x_wconf 92' lang='lat' dir='ltr'><strong>cum</strong></span> 
     </span>
     <span class='ocr_line' id='line_1_29' title="bbox 187 3425 1513 3509; baseline -0.003 -19"><span class='ocrx_word' id='word_1_277' title='bbox 187 3432 266 3509; x_wconf 91' lang='lat' dir='ltr'><strong>legio</strong></span> <span class='ocrx_word' id='word_1_278' title='bbox 287 3449 347 3492; x_wconf 91' lang='lat' dir='ltr'><strong>non</strong></span> <span class='ocrx_word' id='word_1_279' title='bbox 368 3432 504 3506; x_wconf 89' lang='lat' dir='ltr'><strong>addatur,</strong></span> <span class='ocrx_word' id='word_1_280' title='bbox 525 3431 750 3509; x_wconf 71' lang='lat' dir='ltr'><strong>imaginariumr</strong></span> <span class='ocrx_word' id='word_1_281' title='bbox 779 3448 874 3508; x_wconf 91' lang='lat' dir='ltr'><strong>quare</strong></span> <span class='ocrx_word' id='word_1_282' title='bbox 894 3447 954 3489; x_wconf 93' lang='lat' dir='ltr'><strong>nou</strong></span> <span class='ocrx_word' id='word_1_283' title='bbox 975 3430 1087 3502; x_wconf 91' lang='lat' dir='ltr'><strong>dubito,</strong></span> <span class='ocrx_word' id='word_1_284' title='bbox 1109 3429 1184 3506; x_wconf 91' lang='lat' dir='ltr'><strong>quin</strong></span> <span class='ocrx_word' id='word_1_285' title='bbox 1203 3427 1239 3486; x_wconf 86' lang='lat'><strong>1..</strong></span> <span class='ocrx_word' id='word_1_286' title='bbox 1263 3425 1419 3486; x_wconf 81' lang='lat' dir='ltr'><strong>Cominius</strong></span> <span class='ocrx_word' id='word_1_287' title='bbox 1439 3445 1513 3503; x_wconf 93' lang='lat' dir='ltr'><strong>quo·</strong></span> 
     </span>
     <span class='ocr_line' id='line_1_30' title="bbox 186 3526 1512 3610; baseline -0.006 -18"><span class='ocrx_word' id='word_1_288' title='bbox 186 3551 245 3608; x_wconf 90' lang='lat' dir='ltr'><strong>que</strong></span> <span class='ocrx_word' id='word_1_289' title='bbox 266 3533 309 3610; x_wconf 89' lang='lat' dir='ltr'><strong>(n.</strong></span> <span class='ocrx_word' id='word_1_290' title='bbox 326 3532 359 3609; x_wconf 90' lang='lat'><strong>8)</strong></span> <span class='ocrx_word' id='word_1_291' title='bbox 381 3533 476 3592; x_wconf 87' lang='lat' dir='ltr'><strong>altero</strong></span> <span class='ocrx_word' id='word_1_292' title='bbox 497 3532 681 3610; x_wconf 90' lang='lat' dir='ltr'><strong>primipilatu</strong></span> <span class='ocrx_word' id='word_1_293' title='bbox 703 3540 774 3608; x_wconf 86' lang='lat' dir='ltr'><strong>post</strong></span> <span class='ocrx_word' id='word_1_294' title='bbox 794 3533 976 3590; x_wconf 90' lang='lat' dir='ltr'><strong>tribunatum</strong></span> <span class='ocrx_word' id='word_1_295' title='bbox 997 3529 1130 3589; x_wconf 90' lang='lat' dir='ltr'><strong>cohortis</strong></span> <span class='ocrx_word' id='word_1_296' title='bbox 1152 3526 1321 3606; x_wconf 87' lang='lat' dir='ltr'><strong>praetoriae</strong></span> <span class='ocrx_word' id='word_1_297' title='bbox 1342 3533 1411 3586; x_wconf 90' lang='lat' dir='ltr'><strong>aute</strong></span> <span class='ocrx_word' id='word_1_298' title='bbox 1427 3545 1512 3604; x_wconf 91' lang='lat' dir='ltr'><strong>prae·</strong></span> 
     </span>
     <span class='ocr_line' id='line_1_31' title="bbox 186 3626 1512 3712; baseline -0.004 -20"><span class='ocrx_word' id='word_1_299' title='bbox 186 3633 330 3694; x_wconf 88' lang='lat' dir='ltr'><strong>fecturam</strong></span> <span class='ocrx_word' id='word_1_300' title='bbox 354 3633 483 3712; x_wconf 90' lang='lat' dir='ltr'><strong>legionis</strong></span> <span class='ocrx_word' id='word_1_301' title='bbox 503 3633 624 3692; x_wconf 88' lang='lat' dir='ltr'><strong>functus</strong></span> <span class='ocrx_word' id='word_1_302' title='bbox 645 3631 698 3703; x_wconf 80' lang='lat' dir='ltr'><strong>sit3</strong></span> <span class='ocrx_word' id='word_1_303' title='bbox 724 3633 856 3707; x_wconf 87' lang='lat' dir='ltr'><strong>itemque</strong></span> <span class='ocrx_word' id='word_1_304' title='bbox 876 3632 962 3689; x_wconf 91' lang='lat' dir='ltr'><strong>n.10</strong></span> <span class='ocrx_word' id='word_1_305' title='bbox 983 3629 1170 3706; x_wconf 90' lang='lat' dir='ltr'><strong>primipilatu</strong></span> <span class='ocrx_word' id='word_1_306' title='bbox 1190 3626 1367 3704; x_wconf 88' lang='lat' dir='ltr'><strong>imaginario</strong></span> <span class='ocrx_word' id='word_1_307' title='bbox 1388 3635 1512 3687; x_wconf 84' lang='lat' dir='ltr'><strong>ornatus</strong></span> 
     </span>
     <span class='ocr_line' id='line_1_32' title="bbox 186 3726 1512 3808; baseline -0.006 -16"><span class='ocrx_word' id='word_1_308' title='bbox 186 3734 400 3806; x_wconf 82' lang='lat' dir='ltr'><strong>videturesse,</strong></span> <span class='ocrx_word' id='word_1_309' title='bbox 421 3743 454 3794; x_wconf 91' lang='lat' dir='ltr'><strong>ut</strong></span> <span class='ocrx_word' id='word_1_310' title='bbox 474 3741 556 3794; x_wconf 90' lang='lat' dir='ltr'><strong>recte</strong></span> <span class='ocrx_word' id='word_1_311' title='bbox 575 3731 644 3792; x_wconf 89' lang='lat' dir='ltr'><strong>inde</strong></span> <span class='ocrx_word' id='word_1_312' title='bbox 664 3731 702 3791; x_wconf 89' lang='lat' dir='ltr'><strong>ad</strong></span> <span class='ocrx_word' id='word_1_313' title='bbox 723 3731 940 3808; x_wconf 88' lang='lat' dir='ltr'><strong>praefecturam</strong></span> <span class='ocrx_word' id='word_1_314' title='bbox 961 3737 1197 3805; x_wconf 79' lang='lat' dir='ltr'><strong>promoveretur.</strong></span> <span class='ocrx_word' id='word_1_315' title='bbox 1232 3727 1443 3804; x_wconf 89' lang='lat' dir='ltr'><strong>Legionariam</strong></span> <span class='ocrx_word' id='word_1_316' title='bbox 1456 3726 1512 3785; x_wconf 93' lang='lat' dir='ltr'><strong>mi·</strong></span> 
     </span>
     <span class='ocr_line' id='line_1_33' title="bbox 186 3826 1510 3934; baseline -0.006 -40"><span class='ocrx_word' id='word_1_317' title='bbox 186 3834 283 3894; x_wconf 89' lang='lat' dir='ltr'><strong>litiam</strong></span> <span class='ocrx_word' id='word_1_318' title='bbox 308 3841 427 3934; x_wconf 70' lang='lat' dir='ltr'><strong>praeter</strong></span> <span class='ocrx_word' id='word_1_319' title='bbox 451 3834 675 3896; x_wconf 87' lang='lat' dir='ltr'><strong>centurionatus</strong></span> <span class='ocrx_word' id='word_1_320' title='bbox 702 3833 837 3892; x_wconf 87' lang='lat' dir='ltr'><strong>exercuit</strong></span> <span class='ocrx_word' id='word_1_321' title='bbox 861 3847 963 3904; x_wconf 90' lang='lat' dir='ltr'><strong>nemo,</strong></span> <span class='ocrx_word' id='word_1_322' title='bbox 988 3829 1133 3888; x_wconf 91' lang='lat' dir='ltr'><strong>urbanam</strong></span> <span class='ocrx_word' id='word_1_323' title='bbox 1160 3834 1315 3905; x_wconf 88' lang='lat' dir='ltr'><strong>quattuor;</strong></span> <span class='ocrx_word' id='word_1_324' title='bbox 1343 3845 1413 3887; x_wconf 90' lang='lat' dir='ltr'><strong>nam</strong></span> <span class='ocrx_word' id='word_1_325' title='bbox 1440 3846 1470 3886; x_wconf 96' lang='lat' dir='ltr'><strong>n.</strong></span> <span class='ocrx_word' id='word_1_326' title='bbox 1491 3826 1510 3886; x_wconf 90' lang='lat'><strong>8</strong></span> 
     </span>
    </p>
   </div>
   <div class='ocr_carea' id='block_1_4' title="bbox 182 4118 1511 4758">
    <p class='ocr_par' dir='ltr' id='par_1_5' title="bbox 182 4118 1511 4558">
     <span class='ocr_line' id='line_1_34' title="bbox 187 4118 1509 4198; baseline -0.011 -16"><span class='ocrx_word' id='word_1_327' title='bbox 187 4135 368 4198; x_wconf 84' lang='lat' dir='ltr'><strong>iuterpretatur</strong></span> <span class='ocrx_word' id='word_1_328' title='bbox 390 4131 596 4195; x_wconf 80' lang='lat' dir='ltr'><strong>corn(ieulcrt&#39;ue)</strong></span> <span class='ocrx_word' id='word_1_329' title='bbox 617 4128 820 4198; x_wconf 74' lang='lat' dir='ltr'><strong>prfuejeetorura)</strong></span> <span class='ocrx_word' id='word_1_330' title='bbox 845 4125 989 4194; x_wconf 76' lang='lat' dir='ltr'><strong>lepfiouren)</strong></span> <span class='ocrx_word' id='word_1_331' title='bbox 1013 4131 1073 4186; x_wconf 84' lang='lat' dir='ltr'><strong>oct,</strong></span> <span class='ocrx_word' id='word_1_332' title='bbox 1099 4136 1229 4190; x_wconf 87' lang='lat' dir='ltr'><strong>uunquam</strong></span> <span class='ocrx_word' id='word_1_333' title='bbox 1251 4120 1319 4172; x_wconf 89' lang='lat' dir='ltr'><strong>enim</strong></span> <span class='ocrx_word' id='word_1_334' title='bbox 1337 4119 1366 4170; x_wconf 91' lang='lat' dir='ltr'><strong>ld</strong></span> <span class='ocrx_word' id='word_1_335' title='bbox 1384 4118 1454 4185; x_wconf 90' lang='lat' dir='ltr'><strong>quod</strong></span> <span class='ocrx_word' id='word_1_336' title='bbox 1472 4127 1509 4169; x_wconf 91' lang='lat' dir='ltr'><strong>est</strong></span> 
     </span>
     <span class='ocr_line' id='line_1_35' title="bbox 182 4209 1510 4291; baseline -0.012 -16"><span class='ocrx_word' id='word_1_337' title='bbox 182 4223 311 4291; x_wconf 83' lang='lat' dir='ltr'><strong>praesceti</strong></span> <span class='ocrx_word' id='word_1_338' title='bbox 326 4221 376 4274; x_wconf 84' lang='lat' dir='ltr'><strong>duc</strong></span> <span class='ocrx_word' id='word_1_339' title='bbox 394 4223 548 4290; x_wconf 89' lang='lat' dir='ltr'><strong>compendio</strong></span> <span class='ocrx_word' id='word_1_340' title='bbox 567 4226 662 4270; x_wconf 74' lang='lat' dir='ltr'><strong>Pit-PR</strong></span> <span class='ocrx_word' id='word_1_341' title='bbox 680 4221 756 4272; x_wconf 88' lang='lat' dir='ltr'><strong>scribi</strong></span> <span class='ocrx_word' id='word_1_342' title='bbox 775 4226 884 4286; x_wconf 87' lang='lat' dir='ltr'><strong>poterat.</strong></span> <span class='ocrx_word' id='word_1_343' title='bbox 914 4217 1053 4270; x_wconf 83' lang='lat' dir='ltr'><strong>Praeterea</strong></span> <span class='ocrx_word' id='word_1_344' title='bbox 1070 4215 1141 4266; x_wconf 90' lang='lat' dir='ltr'><strong>nullo</strong></span> <span class='ocrx_word' id='word_1_345' title='bbox 1159 4211 1237 4262; x_wconf 91' lang='lat' dir='ltr'><strong>modo</strong></span> <span class='ocrx_word' id='word_1_346' title='bbox 1251 4209 1362 4264; x_wconf 85' lang='lat' dir='ltr'><strong>Sabinus</strong></span> <span class='ocrx_word' id='word_1_347' title='bbox 1380 4223 1413 4260; x_wconf 84' lang='lat' dir='ltr'><strong>ex</strong></span> <span class='ocrx_word' id='word_1_348' title='bbox 1426 4209 1510 4260; x_wconf 89' lang='lat' dir='ltr'><strong>corni·</strong></span> 
     </span>
     <span class='ocr_line' id='line_1_36' title="bbox 187 4299 1511 4380; baseline -0.014 -14"><span class='ocrx_word' id='word_1_349' title='bbox 187 4315 284 4366; x_wconf 88' lang='lat' dir='ltr'><strong>culario</strong></span> <span class='ocrx_word' id='word_1_350' title='bbox 300 4313 386 4364; x_wconf 86' lang='lat' dir='ltr'><strong>statim</strong></span> <span class='ocrx_word' id='word_1_351' title='bbox 404 4314 549 4380; x_wconf 88' lang='lat' dir='ltr'><strong>primipilus</strong></span> <span class='ocrx_word' id='word_1_352' title='bbox 566 4313 621 4364; x_wconf 88' lang='lat' dir='ltr'><strong>ilerl</strong></span> <span class='ocrx_word' id='word_1_353' title='bbox 640 4317 750 4378; x_wconf 85' lang='lat' dir='ltr'><strong>poterat,</strong></span> <span class='ocrx_word' id='word_1_354' title='bbox 770 4312 869 4362; x_wconf 91' lang='lat' dir='ltr'><strong>minore</strong></span> <span class='ocrx_word' id='word_1_355' title='bbox 889 4308 1066 4361; x_wconf 84' lang='lat' dir='ltr'><strong>centurionatu</strong></span> <span class='ocrx_word' id='word_1_356' title='bbox 1078 4304 1150 4356; x_wconf 92' lang='lat' dir='ltr'><strong>nullo</strong></span> <span class='ocrx_word' id='word_1_357' title='bbox 1162 4301 1305 4364; x_wconf 84' lang='lat' dir='ltr'><strong>interiecto;</strong></span> <span class='ocrx_word' id='word_1_358' title='bbox 1324 4299 1422 4350; x_wconf 83' lang='lat' dir='ltr'><strong>excidit</strong></span> <span class='ocrx_word' id='word_1_359' title='bbox 1432 4299 1511 4364; x_wconf 86' lang='lat' dir='ltr'><strong>igitur</strong></span> 
     </span>
     <span class='ocr_line' id='line_1_37' title="bbox 187 4387 1509 4469; baseline -0.013 -13"><span class='ocrx_word' id='word_1_360' title='bbox 187 4405 343 4456; x_wconf 87' lang='lat' dir='ltr'><strong>centurionis</strong></span> <span class='ocrx_word' id='word_1_361' title='bbox 366 4411 429 4455; x_wconf 89' lang='lat' dir='ltr'><strong>uota</strong></span> <span class='ocrx_word' id='word_1_362' title='bbox 448 4408 462 4451; x_wconf 79' lang='grc'><strong><em>7</em></strong></span> <span class='ocrx_word' id='word_1_363' title='bbox 482 4403 681 4469; x_wconf 85' lang='lat' dir='ltr'><strong>legendumquer</strong></span> <span class='ocrx_word' id='word_1_364' title='bbox 705 4400 909 4464; x_wconf 77' lang='lat' dir='ltr'><strong>eoru(ieulun&#39;us)</strong></span> <span class='ocrx_word' id='word_1_365' title='bbox 926 4396 1074 4467; x_wconf 82' lang='lat' dir='ltr'><strong>pr(ucseeti)</strong></span> <span class='ocrx_word' id='word_1_366' title='bbox 1089 4391 1250 4464; x_wconf 60' lang='lat' dir='ltr'><strong>moetoris),</strong></span> <span class='ocrx_word' id='word_1_367' title='bbox 1271 4389 1402 4454; x_wconf 62' lang='lat' dir='ltr'><strong>(mamm)</strong></span> <span class='ocrx_word' id='word_1_368' title='bbox 1422 4387 1509 4456; x_wconf 66' lang='lat' dir='ltr'><strong>lappo-</strong></span> 
     </span>
     <span class='ocr_line' id='line_1_38' title="bbox 187 4494 318 4558; baseline 0.015 -13"><span class='ocrx_word' id='word_1_369' title='bbox 187 4494 254 4558; x_wconf 79' lang='lat' dir='ltr'><strong>num)</strong></span> <span class='ocrx_word' id='word_1_370' title='bbox 271 4501 318 4547; x_wconf 82' lang='lat' dir='ltr'><strong>eet.</strong></span> 
     </span>
    </p>

    <p class='ocr_par' dir='ltr' id='par_1_6' title="bbox 186 4588 1509 4758">
     <span class='ocr_line' id='line_1_39' title="bbox 264 4588 1509 4669; baseline -0.015 -13"><span class='ocrx_word' id='word_1_371' title='bbox 264 4602 288 4666; x_wconf 89' lang='lat'><strong>¹)</strong></span> <span class='ocrx_word' id='word_1_372' title='bbox 314 4603 383 4655; x_wconf 84' lang='lat' dir='ltr'><strong>Nam</strong></span> <span class='ocrx_word' id='word_1_373' title='bbox 408 4616 467 4653; x_wconf 89' lang='lat' dir='ltr'><strong>eum</strong></span> <span class='ocrx_word' id='word_1_374' title='bbox 491 4615 592 4669; x_wconf 89' lang='lat' dir='ltr'><strong>qnoque</strong></span> <span class='ocrx_word' id='word_1_375' title='bbox 616 4600 791 4652; x_wconf 75' lang='lat' dir='ltr'><strong>cenmrlonem</strong></span> <span class='ocrx_word' id='word_1_376' title='bbox 813 4600 893 4651; x_wconf 78' lang='lat' dir='ltr'><strong>fuism</strong></span> <span class='ocrx_word' id='word_1_377' title='bbox 918 4613 951 4649; x_wconf 86' lang='lat' dir='ltr'><strong>ex</strong></span> <span class='ocrx_word' id='word_1_378' title='bbox 975 4597 1051 4650; x_wconf 80' lang='lat' dir='ltr'><strong>XLV</strong></span> <span class='ocrx_word' id='word_1_379' title='bbox 1075 4593 1211 4661; x_wconf 88' lang='lat' dir='ltr'><strong>stipendiis</strong></span> <span class='ocrx_word' id='word_1_380' title='bbox 1233 4605 1299 4658; x_wconf 89' lang='lat' dir='ltr'><strong>quae</strong></span> <span class='ocrx_word' id='word_1_381' title='bbox 1323 4588 1431 4642; x_wconf 90' lang='lat' dir='ltr'><strong>emeruit</strong></span> <span class='ocrx_word' id='word_1_382' title='bbox 1454 4593 1509 4638; x_wconf 91' lang='lat' dir='ltr'><strong>tuto</strong></span> 
     </span>
     <span class='ocr_line' id='line_1_40' title="bbox 186 4693 416 4758; baseline -0.013 -12"><span class='ocrx_word' id='word_1_383' title='bbox 186 4693 305 4746; x_wconf 87' lang='lat' dir='ltr'><strong>concludi</strong></span> <span class='ocrx_word' id='word_1_384' title='bbox 321 4699 416 4758; x_wconf 86' lang='lat' dir='ltr'><strong>potest.</strong></span> 
     </span>
    </p>
   </div>
   <div class='ocr_carea' id='block_1_5' title="bbox 185 4788 1510 5318">
    <p class='ocr_par' dir='ltr' id='par_1_7' title="bbox 185 4788 1510 5318">
     <span class='ocr_line' id='line_1_41' title="bbox 262 4788 1510 4864; baseline -0.014 -10"><span class='ocrx_word' id='word_1_385' title='bbox 262 4798 288 4864; x_wconf 74' lang='lat'><strong>³)</strong></span> <span class='ocrx_word' id='word_1_386' title='bbox 313 4803 435 4853; x_wconf 71' lang='lat' dir='ltr'><strong>romae</strong></span> <span class='ocrx_word' id='word_1_387' title='bbox 453 4801 531 4852; x_wconf 78' lang='grc' dir='ltr'>οιὶιιιιι</span> <span class='ocrx_word' id='word_1_388' title='bbox 549 4799 666 4852; x_wconf 88' lang='lat' dir='ltr'><strong>consulto</strong></span> <span class='ocrx_word' id='word_1_389' title='bbox 683 4798 852 4850; x_wconf 77' lang='lat' dir='ltr'><strong>munerabor</strong></span> <span class='ocrx_word' id='word_1_390' title='bbox 864 4793 1128 4848; x_wconf 84' lang='lat' dir='ltr'><strong>crdineexhlbentar.</strong></span> <span class='ocrx_word' id='word_1_391' title='bbox 1158 4789 1334 4856; x_wconf 85' lang='lat' dir='ltr'><strong>Primipilares</strong></span> <span class='ocrx_word' id='word_1_392' title='bbox 1346 4788 1415 4839; x_wconf 88' lang='lat' dir='ltr'><strong>enim</strong></span> <span class='ocrx_word' id='word_1_393' title='bbox 1425 4791 1510 4837; x_wconf 68' lang='lat' dir='ltr'><strong>actam</strong></span> 
     </span>
     <span class='ocr_line' id='line_1_42' title="bbox 185 4875 1509 4958; baseline -0.014 -15"><span class='ocrx_word' id='word_1_394' title='bbox 185 4893 353 4958; x_wconf 84' lang='lat' dir='ltr'><strong>imperatoria</strong></span> <span class='ocrx_word' id='word_1_395' title='bbox 370 4892 475 4942; x_wconf 85' lang='lat' dir='ltr'><strong>fuerunt</strong></span> <span class='ocrx_word' id='word_1_396' title='bbox 492 4891 558 4942; x_wconf 90' lang='lat' dir='ltr'><strong>ordo</strong></span> <span class='ocrx_word' id='word_1_397' title='bbox 575 4891 716 4958; x_wconf 79' lang='lat' dir='ltr'><strong>privilegiis</strong></span> <span class='ocrx_word' id='word_1_398' title='bbox 734 4889 797 4939; x_wconf 86' lang='lat' dir='ltr'><strong>ratis</strong></span> <span class='ocrx_word' id='word_1_399' title='bbox 814 4889 907 4954; x_wconf 87' lang='lat' dir='ltr'><strong>amplis</strong></span> <span class='ocrx_word' id='word_1_400' title='bbox 926 4887 1051 4948; x_wconf 69' lang='lat' dir='ltr'><strong>munitusr</strong></span> <span class='ocrx_word' id='word_1_401' title='bbox 1075 4883 1136 4935; x_wconf 90' lang='lat' dir='ltr'><strong>inde</strong></span> <span class='ocrx_word' id='word_1_402' title='bbox 1154 4882 1249 4934; x_wconf 67' lang='lat' dir='ltr'><strong>fictum</strong></span> <span class='ocrx_word' id='word_1_403' title='bbox 1268 4887 1315 4941; x_wconf 89' lang='lat' dir='ltr'><strong>est,</strong></span> <span class='ocrx_word' id='word_1_404' title='bbox 1338 4877 1410 4928; x_wconf 88' lang='lat' dir='ltr'><strong>utin</strong></span> <span class='ocrx_word' id='word_1_405' title='bbox 1428 4875 1509 4925; x_wconf 88' lang='lat' dir='ltr'><strong>titulis</strong></span> 
     </span>
     <span class='ocr_line' id='line_1_43' title="bbox 186 4970 1509 5047; baseline -0.013 -15"><span class='ocrx_word' id='word_1_406' title='bbox 186 4997 275 5034; x_wconf 89' lang='lat' dir='ltr'><strong>eorum</strong></span> <span class='ocrx_word' id='word_1_407' title='bbox 292 4995 371 5047; x_wconf 87' lang='lat' dir='ltr'><strong>saepe</strong></span> <span class='ocrx_word' id='word_1_408' title='bbox 388 4982 475 5033; x_wconf 86' lang='lat' dir='ltr'><strong>atatim</strong></span> <span class='ocrx_word' id='word_1_409' title='bbox 494 4987 553 5047; x_wconf 91' lang='lat' dir='ltr'><strong>post</strong></span> <span class='ocrx_word' id='word_1_410' title='bbox 570 4995 665 5033; x_wconf 88' lang='lat' dir='ltr'><strong>nomeu</strong></span> <span class='ocrx_word' id='word_1_411' title='bbox 683 4979 828 5032; x_wconf 87' lang='lat' dir='ltr'><strong>adiceretur</strong></span> <span class='ocrx_word' id='word_1_412' title='bbox 845 4981 861 5025; x_wconf 75' lang='grc' dir='ltr'>Ρ</span> <span class='ocrx_word' id='word_1_413' title='bbox 877 4983 893 5025; x_wconf 75' lang='grc' dir='ltr'>Ρ</span> <span class='ocrx_word' id='word_1_414' title='bbox 912 4983 975 5029; x_wconf 89' lang='lat' dir='ltr'><strong>nota</strong></span> <span class='ocrx_word' id='word_1_415' title='bbox 992 4977 1011 5027; x_wconf 90' lang='lat' dir='ltr'><strong>i.</strong></span> <span class='ocrx_word' id='word_1_416' title='bbox 1024 4990 1047 5026; x_wconf 87' lang='lat' dir='ltr'><strong>e.</strong></span> <span class='ocrx_word' id='word_1_417' title='bbox 1066 4974 1244 5041; x_wconf 85' lang='lat' dir='ltr'><strong>primipilaris,</strong></span> <span class='ocrx_word' id='word_1_418' title='bbox 1266 4970 1358 5020; x_wconf 87' lang='lat' dir='ltr'><strong>eodem</strong></span> <span class='ocrx_word' id='word_1_419' title='bbox 1376 4981 1437 5028; x_wconf 87' lang='lat' dir='ltr'><strong>usu,</strong></span> <span class='ocrx_word' id='word_1_420' title='bbox 1457 4981 1509 5031; x_wconf 92' lang='lat' dir='ltr'><strong>quo</strong></span> 
     </span>
     <span class='ocr_line' id='line_1_44' title="bbox 186 5055 1510 5140; baseline -0.015 -16"><span class='ocrx_word' id='word_1_421' title='bbox 186 5073 285 5124; x_wconf 85' lang='lat' dir='ltr'><strong>nomini</strong></span> <span class='ocrx_word' id='word_1_422' title='bbox 303 5073 418 5140; x_wconf 86' lang='lat' dir='ltr'><strong>equitum</strong></span> <span class='ocrx_word' id='word_1_423' title='bbox 430 5073 608 5125; x_wconf 65' lang='lat' dir='ltr'><strong>nummorum</strong></span> <span class='ocrx_word' id='word_1_424' title='bbox 626 5071 737 5122; x_wconf 80' lang='lat' dir='ltr'><strong>adiciam</strong></span> <span class='ocrx_word' id='word_1_425' title='bbox 754 5085 820 5137; x_wconf 88' lang='lat' dir='ltr'><strong>equo</strong></span> <span class='ocrx_word' id='word_1_426' title='bbox 838 5069 950 5135; x_wconf 89' lang='lat' dir='ltr'><strong>publico,</strong></span> <span class='ocrx_word' id='word_1_427' title='bbox 969 5072 1104 5132; x_wconf 64' lang='lat' dir='ltr'><strong>aureque</strong></span> <span class='ocrx_word' id='word_1_428' title='bbox 1122 5065 1240 5131; x_wconf 88' lang='lat' dir='ltr'><strong>aequiore</strong></span> <span class='ocrx_word' id='word_1_429' title='bbox 1252 5073 1346 5113; x_wconf 89' lang='lat' dir='ltr'><strong>nomen</strong></span> <span class='ocrx_word' id='word_1_430' title='bbox 1358 5057 1431 5120; x_wconf 86' lang='lat' dir='ltr'><strong>sequi</strong></span> <span class='ocrx_word' id='word_1_431' title='bbox 1443 5055 1510 5106; x_wconf 88' lang='lat' dir='ltr'><strong>solet</strong></span> 
     </span>
     <span class='ocr_line' id='line_1_45' title="bbox 185 5146 1508 5231; baseline -0.002 -19"><span class='ocrx_word' id='word_1_432' title='bbox 185 5163 227 5212; x_wconf 82' lang='lat' dir='ltr'><strong>etr</strong></span> <span class='ocrx_word' id='word_1_433' title='bbox 245 5161 410 5225; x_wconf 75' lang='lat' dir='ltr'><strong>clarissimus,</strong></span> <span class='ocrx_word' id='word_1_434' title='bbox 424 5161 622 5231; x_wconf 58' lang='lat' dir='ltr'><strong>mactamus</strong></span> <span class='ocrx_word' id='word_1_435' title='bbox 640 5168 686 5213; x_wconf 85' lang='lat' dir='ltr'><strong>cet.</strong></span> <span class='ocrx_word' id='word_1_436' title='bbox 721 5161 754 5212; x_wconf 90' lang='lat' dir='ltr'><strong>ld</strong></span> <span class='ocrx_word' id='word_1_437' title='bbox 771 5161 881 5213; x_wconf 87' lang='lat' dir='ltr'><strong>fortasse</strong></span> <span class='ocrx_word' id='word_1_438' title='bbox 898 5161 925 5212; x_wconf 91' lang='lat' dir='ltr'><strong>iu</strong></span> <span class='ocrx_word' id='word_1_439' title='bbox 944 5159 995 5212; x_wconf 86' lang='lat' dir='ltr'><strong>boc</strong></span> <span class='ocrx_word' id='word_1_440' title='bbox 1013 5171 1114 5225; x_wconf 88' lang='lat' dir='ltr'><strong>quoque</strong></span> <span class='ocrx_word' id='word_1_441' title='bbox 1130 5156 1206 5208; x_wconf 87' lang='lat' dir='ltr'><strong>titulo</strong></span> <span class='ocrx_word' id='word_1_442' title='bbox 1223 5153 1318 5207; x_wconf 80' lang='lat' dir='ltr'><strong>factum</strong></span> <span class='ocrx_word' id='word_1_443' title='bbox 1338 5147 1383 5210; x_wconf 66' lang='lat' dir='ltr'><strong>lit·</strong></span> <span class='ocrx_word' id='word_1_444' title='bbox 1402 5153 1431 5198; x_wconf 60' lang='lat'><strong>¹¹³</strong></span> <span class='ocrx_word' id='word_1_445' title='bbox 1451 5146 1508 5197; x_wconf 73' lang='lat'>¹³¹⁰·</span> 
     </span>
     <span class='ocr_line' id='line_1_46' title="bbox 186 5251 819 5318; baseline -0.003 -14"><span class='ocrx_word' id='word_1_446' title='bbox 186 5253 271 5306; x_wconf 81' lang='lat' dir='ltr'><strong>vitatis</strong></span> <span class='ocrx_word' id='word_1_447' title='bbox 290 5269 369 5308; x_wconf 69' lang='lat' dir='ltr'><strong>muas</strong></span> <span class='ocrx_word' id='word_1_448' title='bbox 387 5255 473 5308; x_wconf 84' lang='lat' dir='ltr'><strong>statim</strong></span> <span class='ocrx_word' id='word_1_449' title='bbox 491 5254 629 5308; x_wconf 82' lang='lat' dir='ltr'><strong>adderetur</strong></span> <span class='ocrx_word' id='word_1_450' title='bbox 646 5252 725 5305; x_wconf 79' lang='grc' dir='ltr'>οιίιιιιι</span> <span class='ocrx_word' id='word_1_451' title='bbox 742 5251 819 5318; x_wconf 87' lang='lat' dir='ltr'><strong>legio.</strong></span> 
     </span>
    </p>
   </div>
   <div class='ocr_carea' id='block_1_6' title="bbox 0 0 1934 5960">
    <p class='ocr_par' dir='ltr' id='par_1_8' title="bbox 0 0 1934 5960">
     <span class='ocr_line' id='line_1_47' title="bbox 0 0 1934 5960; baseline 0 3"><span class='ocrx_word' id='word_1_452' title='bbox 0 0 1934 5960; x_wconf 95' lang='lat' dir='ltr'><strong> </strong></span> 
     </span>
    </p>
   </div>
  </div>
 </body>
</html>
