3750 5990
574 632 873 688 oassavnrrorvns
891 631 1009 686 seren
1021 633 1084 684 xv.
1416 621 1490 696 279

158 815 208 864 tus
236 812 292 865 est.
335 803 440 864 Edidit
461 823 529 862 eum
561 823 656 880 nuper
682 803 760 864 idem
793 805 825 862 in
857 805 1102 862 commentariolo
1134 808 1374 868 τοοατυοοουουῑτο
1404 813 1493 872 ine'dic

158 909 195 966 de
217 906 615 966 Paand0170aoaotaotre
641 907 685 964 dre
707 911 737 966 et
757 905 871 964 inserto
899 905 1045 964 volumini
1072 906 1199 982 septimo
1226 907 1339 966 ordinis
1370 915 1493 976 secundi
1561 925 1564 932 “

158 1006 296 1083 syllegae
318 1025 394 1083 quae
409 1007 517 1064 dieitur
531 1007 661 1064 arelioes
676 1007 725 1064 des
740 1008 873 1064 missione
887 1007 1071 1082 seieodfiqaea
1087 1015 1114 1064 et
1128 1006 1279 1066 litteroireo
1294 1017 1323 1067 et
1337 1020 1493 1087 praeterea

158 1124 296 1166 seorsum
318 1125 437 1183 quoque
457 1107 609 1184 publicato
630 1107 773 1183 (Parisiis
792 1104 870 1164 1872
893 1124 944 1182 pp.
962 1105 1026 1182 63).
1063 1105 1281 1166 Documentum
1300 1109 1379 1170 inter
1395 1132 1493 1190 pauoa

158 1206 258 1266 nobile
279 1217 310 1266 et
330 1226 424 1283 paene
438 1208 613 1284 primarium
635 1226 702 1266 eum
723 1207 847 1266 editoris
861 1206 999 1264 benidoio
1021 1205 1173 1282 aliquanto
1195 1215 1264 1268 ante
1282 1216 1492 1286 cognovissem

158 1325 249 1384 quarn
271 1309 389 1382 publice
416 1308 542 1385 prodiit,
571 1309 750 1366 mentionem
779 1308 843 1366 eius
871 1307 928 1364 feei
953 1307 984 1364 in
1011 1307 1099 1366 huius
1122 1309 1319 1384 ephemeridis
1347 1313 1492 1377 fasoieulo

159 1409 296 1485 proxime
319 1409 514 1484 praecedente
538 1427 568 1484 p.
593 1408 668 1480 223,
696 1408 747 1465 ubi
769 1407 833 1465 dixi
854 1407 1095 1482 antiquissimum
1120 1409 1152 1466 id
1174 1427 1241 1468 esse
1263 1413 1394 1474 omnium
1416 1435 1493 1492 quae

159 1509 312 1568 consulem
334 1509 489 1587 appellent
509 1509 629 1567 nornine
644 1509 725 1584 quod
746 1514 854 1585 postes
875 1508 1003 1567 invaluit
1016 1499 1134 1568 ὑπάτου.
1167 1509 1232 1570 lam
1247 1529 1314 1572 cnm
1329 1520 1492 1580 eommunis

159 1609 233 1670 iuris
255 1609 366 1668 laetum
389 1611 438 1681 sit,
467 1609 579 1686 placuit
604 1616 699 1668 totum
725 1608 923 1684 ephemeridis
945 1609 1107 1670 lectoribus
1129 1620 1295 1686 proponere
1316 1632 1410 1691 esque
1432 1619 1493 1678 edi·

160 1729 228 1768 oere
250 1698 326 1788 quoe
347 1711 378 1768 in
401 1718 541 1792 promptu
556 1711 652 1770 habeo
673 1709 713 1770 ad
732 1709 944 1786 explicandum
965 1710 996 1768 id
1018 1717 1047 1768 el
1061 1710 1280 1774 illustrandum.
1316 1713 1396 1775 Nam
1412 1717 1493 1778 Fou-

161 1819 263 1870 cartus
285 1811 404 1886 quidem
432 1819 461 1870 et
485 1811 644 1890 diligenter
671 1819 702 1870 et
722 1811 817 1887 perite
843 1809 875 1868 id
896 1809 1108 1886 interpretatus
1130 1819 1178 1870 est
1198 1820 1228 1870 et
1249 1815 1392 1892 pleraque
1414 1831 1494 1880 reete

161 1911 349 1988 explanavit3
372 1911 426 1968 sed
447 1911 484 1970 de
498 1931 565 1972 meo
580 1931 700 1988 quoqne
715 1910 867 1987 'quaedam
889 1909 997 1969 addere
1012 1911 1085 1969 mihi
1101 1929 1192 1996 posse
1207 1914 1312 1974 videor
1334 1918 1494 1980 observatu

160 2029 221 2070 non
242 2011 374 2088 indigna,
398 2022 430 2071 ut
451 2013 526 2072 meis
548 2013 600 2072 alii
622 2013 733 2072 addent
747 2029 825 2088 quse
847 2029 894 2070 me
914 2011 1064 2088 fugerunt.
1098 2013 1202 2072 Verba
1222 2025 1345 2076 senatus
1367 2023 1494 2081 consulti

161 2121 194 2170 ut
213 2112 323 2172 tradita
337 2113 516 2189 accepimus,
537 2113 582 2170 ita
596 2118 859 2190 repraesententur
879 2111 910 2170 in
926 2112 1028 2171 tabula
1042 2114 1171 2185 adieets3
1194 2116 1307 2176 subieci
1323 2121 1494 2198 exemplum

160 2212 331 2271 restitutum
357 2220 387 2270 et
415 2214 584 2272 versionem
611 2233 708 2272 meam
729 2212 879 2272 Latinam.
923 2209 1139 2290 supplementa
1159 2215 1191 2273 in
1212 2216 1264 2275 illo
1286 2217 1420 2279 admissa
1443 2225 1494 2282 ubi

160 2323 248 2371 taceo
271 2311 415 2370 Fouearti
437 2321 515 2371 sunt

175 2513 187 2552 r
202 2485 316 2556 Ko'wroe
330 2487 446 2556 Μαίνιος
461 2487 545 2554 Τι’του
569 2489 628 2558 υἱός
648 2491 809 2580 στρατηγδο
846 2493 883 2570 Q.
899 2495 1036 2555 Maenius
1051 2495 1089 2552 Τ.
1102 2495 1123 2552 f.
1139 2507 1260 2572 praetor
1274 2509 1411 2562 senatum
1425 2523 1495 2566 eon-

174 2613 187 2652 s
243 2597 279 2673 τῇ
311 2588 467 2674 συνκλῆᾐτῳ
500 2588 754 2660 συνεβουλεύσατο
780 2595 809 2654 ἓν
887 2595 980 2654 suluit
1005 2596 1037 2652 in
1065 2595 1186 2653 comitio
1217 2615 1243 2655 a.
1272 2599 1301 2656 d.
1333 2600 1395 2660 VII
1427 2606 1495 2666 idus

175 2710 188 2750 s
243 2687 359 2769 κομετῖῳ
386 2690 436 2776 erpi
464 2691 604 2780 ἦμερΙ[νῗ]ν
623 2692 694 2756 imai
709 2693 809 2755 sidooiv
889 2694 1046 2754 Octobres.

243 2785 453 2876 Ὀκτωμβρῖωικ

175 2884 371 2978 4Γροφομένῳ
391 2892 396 2970 Ι
415 2895 543 2977 παρῆσαν
564 2885 672 2956 Μάνιος
692 2887 814 2957 Ἀκῖλιος
850 2893 1016 2952 Scribendo
1040 2893 1200 2956 adsuerunt
1225 2893 1273 2958 Μ’.
1300 2902 1418 2964 Acilius
1445 2907 1493 2968 Μ’,

175 3013 188 3052 ο
243 2986 352 3051 Μανίου
376 2985 641 3074 υἱδς’ολτε[ινν’]Ηο,
660 2986 743 3056 Titos
760 3001 812 3054 No·
890 2993 912 3051 f.
934 2992 1079 3066 Voltinia,
1101 2995 1137 3054 Τ.
1160 2995 1315 3060 Numisius
1338 3002 1373 3064 Τ.
1396 3007 1416 3064 s.

244 3086 336 3162 μῖτιοο
357 3085 442 3150 Τίτου
465 3085 532 3152 υἱός.

176 3183 268 3276 ellrpi
296 3180 333 3251 dv
355 3183 486 3272 Θιυβξεῒο
514 3183 622 3268 λόγους
648 3187 811 3264 ἐπανήγοντο
849 3193 939 3269 Quod
960 3195 1103 3254 Thisbaei
1124 3197 1218 3258 verba
1236 3200 1371 3262 fecerunt
1391 3205 1428 3266 de
1449 3229 1495 3268 re·

178 3313 190 3352 v
246 3283 304 3376 περὶ
326 3293 380 3350 τῶν
404 3287 478 3349 καθ’
497 3287 611 3371 ailredo
624 3285 812 3376 πραγμάτων,
889 3296 944 3355 bus
967 3296 1004 3355 ad
1026 3313 1058 3354 se
1074 3297 1291 3373 pertinentibus
1307 3305 1494 3384 quiquidem
1526 3339 1529 3346 ·

176 3414 189 3452 s
245 3383 341 3453 οἵτινες
359 3391 387 3449 ἐν
401 3394 437 3468 τῇ
451 3385 534 3468 φιλίᾳ
548 3393 584 3470 τῇ
601 3388 607 3473 Ι
625 3384 741 3478 ἡμετέρᾳ
756 3385 810 3452 ivi·
888 3395 918 3453 in
941 3396 1072 3455 amicitia
1085 3407 1188 3457 nostra
1201 3419 1440 3480 permenserunt,
1463 3421 1497 3468 ut

244 3515 350 3561 μειναν,
377 3483 452 3552 ὅπως
481 3482 559 3550 αὐτοὶ
581 3484 811 3576 [διέρ]δωο[ιν1)
889 3496 947 3571 ipsi
957 3515 1057 3556 rernm
1068 3496 1106 3554 ad
1118 3514 1150 3555 se
1156 3502 1369 3576 pertinentium
1381 3525 1495 3571 corree-

159 3613 189 3661 ,ο
245 3585 811 3678 Ιε]ἰςπὲκαθἀὑτοῦςπρᾶγμυτυε[ἷο]-
888 3595 998 3654 tionem
1025 3598 1244 3676 praeciperent,
1274 3603 1311 3662 de
1339 3625 1375 3666 es
1401 3629 1432 3669 re
1454 3613 1497 3671 its

163 3711 189 3754 ιο
243 3685 421 3770 ηγῆουνυταν·
444 3682 503 3776 περὶ
518 3685 635 3776 rediisse
650 3695 704 3752 τοῦ
717 3688 810 3778 πρᾶγ-
889 3703 1080 3756 censuerunt:

246 3813 336 3861 ματος
357 3781 444 3852 οὕτως
465 3783 577 3872 ἕδοξεντ

164 3913 189 3952 11
203 3885 281 3954 ὅπως
294 3883 410 3952 Κόιντος
428 3890 433 3967 Ι
452 3885 567 3954 Μαίνιος
580 3887 742 3977 στρατηγδο
756 3895 811 3952 τῶν
847 3904 880 3954 ut
906 3892 943 3968 Q.
971 3894 1109 3954 Maenius
1136 3907 1257 3972 praetor
1284 3907 1427 3964 senatorii
1448 3927 1496 3968 or-

165 4009 190 4050 12
246 3990 278 4050 ἐκ
304 3993 357 4062 τῆς
379 3979 533 4060 συνκλῆτου
556 3981 676 4078 [ἄνδρας
694 3990 700 4075 Ι
718 3985 811 4070 π]ἕντε
889 3995 968 4054 dinis
990 3996 1071 4054 viros
1093 3998 1224 4076 quinque
1250 4000 1415 4080 delegaret,
1444 4009 1496 4082 qui

248 4082 393 4172 ἇποτοὶξῃ,
421 4081 444 4148 οἳ
471 4079 509 4154 riv
535 4088 615 4170 αὐτῷ
635 4093 666 4152 ἐκ
687 4095 743 4152 τοῖν
764 4089 811 4164 δη·
890 4095 947 4154 sibi
969 4115 986 4154 e
1013 4114 1046 4153 re
1069 4097 1191 4172 publiea
1211 4099 1329 4176 fideque
1351 4122 1408 4164 sus
1429 4125 1495 4167 esse

165 4209 190 4250 rs
246 4183 349 4260 μου-ἴων
368 4185 580 4275 πραΙ[γ]μοέτων
600 4185 648 4251 uei
669 4197 720 4266 τῆς
740 4187 813 4256 idias
891 4195 1070 4255 viderentur.

246 4285 367 4354 πίπτων
388 4284 554 4370 φαίνωνται.

244 4365 360 4455 Ἔδοξε.
707 4393 713 4410 ’
851 4375 1047 4439 censuerunt.

166 4897 370 4912 *-

246 5019 270 5082 1)
294 5023 343 5074 Ait
359 5023 503 5078 Foaesrtns
520 5041 547 5093 p.
568 5027 603 5078 30
621 5027 731 5093 primam
751 5027 870 5082 vocabuli
888 5030 1002 5086 litteram
1021 5039 1066 5084 sut
1084 5035 1109 5087 Δ
1128 5033 1208 5084 fuisse
1227 5041 1272 5085 ant
1291 5037 1321 5098 t,
1340 5043 1401 5090 ente
1419 5038 1495 5093 eet

167 5118 248 5172 videri
266 5122 317 5174 vibi
335 5123 423 5176 videre
441 5126 555 5178 litteram
575 5127 604 5190 Β,
625 5128 670 5180 sed
690 5127 802 5180 dubiam.
840 5126 910 5182 Mihi
931 5144 985 5182 non
998 5131 1104 5184 dubiam
1122 5141 1161 5184 est
1178 5141 1246 5186 reete
1265 5147 1324 5188 oum
1344 5137 1495 5188 vocabulum

166 5219 318 5284 explevisse.

1231 5318 1293 5378 20*
