3858 5960
656 601 954 657 osssavsrronns
971 603 1090 656 aaron.
1109 603 1174 656 un.
1507 586 1578 658 139

252 775 326 834 toris
347 773 386 832 ad
407 773 615 850 corrigendum
638 780 748 832 statum
769 773 935 832 civitatium
956 773 1116 832 liberarum
1138 793 1157 832 a
1174 773 1361 850 proconsulis
1375 775 1501 851 imperio
1515 775 1581 852 lege

252 881 470 952 exemptarum,
491 874 536 934 ita
556 875 595 932 ad
617 873 825 950 corrigendum
846 881 957 934 statum
975 875 1091 946 Italiae,
1113 892 1190 951 qnae
1211 882 1242 934 et
1262 875 1330 950 ipsa
1351 876 1483 952 praesidi
1505 877 1581 934 nulli

251 983 381 1054 pareret,
405 981 485 1034 certe
506 974 576 1033 inde
597 993 616 1032 a
638 973 799 1035 Caracalla
819 975 1012 1054 magistratus
1034 975 1154 1052 quidem
1176 975 1268 1034 creati
1289 991 1367 1047 esse,
1388 976 1474 1035 initio
1495 984 1583 1036 extra

252 1077 385 1134 ordinem
411 1075 476 1134 sine
501 1075 593 1133 dubio
620 1084 650 1134 et
676 1085 710 1134 ut
736 1085 817 1135 certo
845 1075 965 1134 nomine
991 1087 1140 1148 carerent,
1166 1076 1274 1134 deinde
1300 1077 1436 1135 translati
1460 1078 1492 1135 in
1518 1096 1581 1136 ma-

252 1177 396 1255 gistratus
422 1175 644 1252 quodammodo
673 1177 816 1236 ordinarii
844 1184 875 1235 et
902 1177 1027 1256 legitimi
1053 1177 1179 1235 sormam
1204 1177 1380 1236 correctoris
1405 1159 1520 1236 Italiae.
1542 1211 1580 1222 -

252 1277 394 1336 Proxime
426 1283 528 1335 antem
555 1284 586 1336 et
613 1283 748 1353 tempore
776 1283 806 1336 et
831 1296 864 1336 re
892 1277 930 1337 ad
958 1277 989 1335 id
1017 1277 1055 1336 de
1082 1295 1143 1353 quo
1171 1277 1287 1354 agimus
1315 1276 1421 1338 Sabini
1449 1279 1582 1337 officium

252 1377 369 1436 accedit
398 1379 480 1453 quod
511 1377 647 1438 enuntiat
677 1377 783 1437 titulus
814 1397 909 1454 nuper
934 1377 1075 1456 'repertus
1102 1379 1217 1438 Romae
1246 1379 1278 1436 in
1306 1379 1483 1438 coemeterio
1511 1377 1582 1437 Cal·

253 1477 318 1538 lim
337 1477 400 1538 hl⁰²
412 1477 441 1554 ¹)
780 1565 800 1617 Β
814 1591 821 1605 ·
834 1565 941 1618 notin
957 1591 963 1606 ·
977 1515 1090 1618 BACClu

608 1525 830 1848 sm
845 1665 992 1720 ΓΕΝΟΥΕ
1004 1617 1121 1774 dAlplixp

618 1783 678 1817 υπα
692 1766 745 1824 ΤΟ
779 1765 839 1822 Alc
868 1767 951 1822 thA
980 1792 987 1808 ·
1015 1767 1156 1854 Gillnpxur

588 1917 590 1922 Α
621 1868 778 1923 ΡωΜΗΕ
818 1868 1003 1922 ΠΡΟΜΑΓ
1038 1869 1151 1936 Ποντιψ

565 1985 577 2024 s
620 1968 841 2022 ΕΓΙΑΝΟΡΘ
883 1994 891 2009 ·
930 1968 1175 2022 noeticae).

619 2071 709 2124 ΚΟΜ
745 2069 906 2122 wasto
935 2096 943 2110 ·
974 2069 1058 2120 αΝΘ

623 2171 772 2224 nont]
816 2196 823 2212 ·
867 2170 1057 2224 ΚΡιιτΙΔ

618 2241 941 2390 spirensem
997 2244 1103 2374 rison

685 2339 786 2408 a.)
984 2375 1030 2427 sus
1045 2373 1111 2490 Pie
1124 2391 1155 2446 τῃ

254 2523 330 2582 Eum
352 2524 469 2582 titulum
484 2523 615 2582 Rossius
637 2522 740 2582 tribuit
754 2521 852 2582 Basso
875 2521 990 2583 consuli
1005 2523 1157 2582 ordinario
1179 2543 1206 2582 a.
1223 2521 1283 2584 258
1308 2531 1338 2582 ct
1352 2541 1456 2583 rursus
1478 2544 1504 2582 a.
1521 2523 1578 2581 271

254 2625 457 2700 probabiliter.
505 2623 585 2683 Nam
617 2625 745 2702 primum
775 2625 853 2682 inter
886 2623 1025 2682 eonsules
1058 2625 1227 2684 ordinarios
1255 2625 1370 2684 Bassos
1398 2625 1498 2683 nullus
1526 2631 1581 2696 est,

255 2726 302 2783 eni
328 2726 446 2784 iteratio
468 2725 644 2784 consulatus
667 2725 838 2797 conveniat,
866 2733 1088 2802 praeteream,
1117 2725 1167 2800 qui
1190 2743 1217 2784 a.
1233 2724 1291 2783 271
1316 2725 1414 2782 fasces
1435 2722 1580 2801 gessitt).

255 2825 372 2886 Deinde
397 2845 463 2885 eum
489 2825 614 2902 reliquis
636 2825 742 2884 Bessis
769 2825 836 2884 aliis
864 2824 924 2882 alia
949 2824 1071 2882 nomina
1097 2825 1192 2883 fuisse
1214 2825 1399 2900 argumentis
1420 2833 1471 2882 aut
1492 2823 1581 2883 certis

255 2933 306 2984 aut
327 2927 432 2986 saltem
455 2926 660 3003 probabilibus
681 2925 812 2985 Rossius
834 2924 1055 2997 demonstrarit,
1081 2925 1154 2984 solis
1175 2925 1213 2982 iis
1235 2925 1286 3001 qui
1308 2924 1405 2984 fasces
1427 2931 1583 3002 gesserunt

255 3047 281 3085 a.
296 3027 356 3086 258
372 3037 402 3086 et
416 3027 474 3086 271
500 3035 614 3086 tanturn
635 3028 729 3098 abest,
751 3033 785 3084 ut
798 3025 1034 3102 Pomponiorum
1049 3045 1157 3084 nomen
1171 3025 1300 3085 tribuere
1316 3026 1474 3103 quiequam
1489 3027 1581 3102 impe·

254 3129 328 3200 diat,
356 3137 388 3187 ot
413 3128 482 3186 huie
508 3127 618 3188 dudum
646 3127 676 3184 id
703 3127 920 3203 adscripserint
946 3127 1091 3186 fastorum
1112 3127 1299 3186 ordinatores
1320 3137 1481 3205 propterea
1501 3127 1582 3202 quod

254 3231 418 3307 imperante
440 3227 569 3289 Claudio
596 3247 622 3287 a.
639 3227 700 3286 270
725 3229 912 3305 Pomponius
934 3228 1050 3288 Bassus
1078 3228 1206 3305 primum
1232 3229 1263 3287 in
1289 3236 1396 3288 senatu
1418 3229 1517 3286 locum
1538 3235 1582 3286 tc·

255 3331 355 3390 nuisse
376 3330 482 3389 dicitnr
496 3331 526 3388 in
541 3330 673 3407 epitoma
686 3327 817 3388 Victoris
839 3330 878 3406 (c.
895 3329 944 3402 34,
961 3331 978 3388 3
984 3351 993 3401 ;
1016 3329 1054 3388 cl.
1069 3329 1175 3390 Victor
1189 3327 1279 3388 Caes.
1296 3329 1346 3400 34,
1362 3329 1406 3406 3).
1443 3328 1583 3404 Denique

255 3431 397 3507 splendor
423 3431 582 3502 natalium,
610 3449 697 3506 quem
719 3430 872 3507 praedicat
893 3431 998 3490 titulus
1020 3431 1260 3508 supremitates,
1288 3431 1320 3488 in
1341 3449 1409 3490 eum
1430 3429 1582 3488 hominem
1618 3420 1622 3435 '

254 3533 365 3608 optime
391 3532 530 3607 quadrat,
557 3531 668 3608 quippe
693 3547 781 3606 quem
808 3531 882 3589 satis
908 3541 1025 3590 constet
1050 3532 1232 3591 descendere
1254 3550 1273 3590 a
1293 3529 1462 3608 Pomponio
1483 3529 1581 3590 Basso

254 3633 410 3692 interiecto
432 3633 470 3691 ab
490 3632 657 3708 Elagabalo
679 3629 754 3706 (Dio
771 3630 825 3701 74,
844 3631 878 3706 5)
901 3641 930 3690 et
954 3633 997 3718 sie¹
1017 3649 1112 3708 genus
1135 3633 1288 3693 rettulisse
1308 3631 1346 3692 ad
1367 3632 1467 3709 ipsum
1489 3631 1582 3708 impe-

255 3741 382 3792 ratorem
404 3733 548 3792 Marcum.
568 3765 610 3776 —
636 3731 747 3792 Obstat
772 3741 872 3790 tamen
892 3733 1111 3808 praefectorum
1133 3735 1214 3792 urbis
1237 3733 1413 3805 laterculus,
1442 3733 1581 3808 quicum

255 3834 293 3892 ab
315 3853 342 3892 a.
358 3833 419 3894 254
440 3833 477 3892 ad
499 3853 527 3892 a.
543 3833 604 3892 354
627 3833 793 3910 perveniat,
820 3831 950 3890 Bassum
976 3832 1089 3890 nullum
1111 3841 1247 3892 recenset
1266 3842 1384 3909 praeter
1405 3830 1582 3907 Septimium

255 3953 282 3992 a.
298 3936 368 3993 317.
384 3933 444 3994 318
466 3941 546 3994 certe
567 3935 625 3994 huc
641 3952 702 3994 nou
716 3933 912 4010 pertinentem
918 3934 936 4004 ς’
950 3950 1005 3990 nec
1019 3932 1107 3990 facile
1120 3931 1335 3991 admittendum
1350 3938 1397 3990 est
1410 3949 1478 3988 eum
1492 3929 1580 3992 leter-

256 4035 354 4094 culum
375 4035 505 4094 hiatibus
526 4034 674 4108 iaborare,
695 4053 762 4094 cum
784 4035 893 4092 iustam
915 4033 1121 4092 auctoritatem
1143 4034 1201 4092 sibi
1218 4031 1348 4091 vindicet
1368 4047 1463 4104 neque
1483 4029 1582 4087 adhue

256 4134 336 4210 qnod
357 4135 449 4193 sciam
471 4135 508 4194 de
528 4136 591 4194 ullo
612 4135 763 4213 praelecto
784 4143 901 4193 constet
921 4134 953 4192 in
974 4152 1010 4193 eo
1031 4133 1252 4210 praetermisso.
1295 4127 1501 4189 Nihilominus
1521 4147 1581 4186 non
1682 4171 1684 4176 -

256 4235 372 4311 reperio
400 4254 459 4312 quo
486 4243 642 4313 praeterea
669 4235 935 4315 confugiamust),
959 4231 1024 4294 neo
1038 4221 1155 4294 videtur
1181 4231 1351 4310 repperisse
1376 4228 1520 4302 Rossius,
1545 4229 1581 4288 de

332 4484 355 4546 ¹)
382 4485 439 4536 Iob.
463 4485 538 4552 Bapt
563 4486 669 4560 Rossius
694 4470 800 4538 titulum
821 4487 903 4554 edidit
923 4487 1007 4560 ligno¹
1022 4499 1171 4551 expressum
1196 4483 1276 4536 Romu
1297 4490 1454 4536 sotterruneo
1477 4487 1507 4548 2,
1529 4486 1582 4535 282

255 4575 360 4626 adiectis
378 4577 561 4640 supplementis
580 4579 661 4644 perite
679 4577 764 4642 laetis,
784 4593 850 4644 quae
867 4579 973 4641 retinni3
993 4577 1117 4642 explicuit
1128 4577 1197 4626 idem
1212 4573 1347 4627 Bulletts'no
1360 4578 1482 4628 miniano
1501 4578 1581 4628 seni

255 4668 309 4716 at
329 4666 422 4728 (1871)
442 4683 467 4732 p.
482 4668 527 4718 45.
551 4697 553 4702 ·
1287 4735 1290 4744 ,

330 4753 355 4818 ²)
383 4758 416 4807 iii
440 4773 574 4810 numerum
593 4761 621 4811 11
643 4760 791 4812 adscribunt
815 4768 840 4810 et
863 4760 922 4810 iusti
948 4777 972 4825 q.
993 4760 1018 4810 d.
1038 4759 1182 4810 Florentini
1205 4760 1316 4810 maiores
1340 4757 1375 4822 (v.
1394 4759 1526 4811 Relsndus
1549 4757 1593 4808 ad¹

255 4847 282 4897 n.
301 4847 336 4908 a.)
356 4842 489 4901 ortuense
508 4849 589 4902 oren.
604 4853 673 4902 rese
688 4853 757 4902 =1.
771 4851 805 4902 n.
826 4851 907 4902 scre.
1332 4839 1335 4846 ⁴

330 4933 356 4998 ι)
383 4938 505 4992 Fortasse
523 4942 581 5006 quis
599 4942 695 4992 dixerit
713 4941 852 5007 Pomponii
870 4941 945 4992 Bassi
964 4941 1070 4992 nomina
1089 4942 1116 4990 in
1134 4941 1209 4991 tinulo
1228 4939 1329 4992 Graeco
1348 4939 1500 4990 secundarie
1518 4953 1582 5001 esse,

253 5029 378 5092 primaria
401 5031 530 5081 interiisse
553 5035 606 5082 nl
628 5041 693 5083 extr.
713 5040 739 5083 et
758 5035 773 5084 2
793 5034 884 5098 incip,
910 5033 1023 5096 exempli
1048 5047 1125 5082 causa
1148 5032 1224 5082 Iunio
1249 5031 1404 5092 Tiberiano,
1427 5030 1471 5095 qui
1494 5029 1584 5080 consul

254 5118 302 5167 fuit
321 5119 468 5172 ordinarius
491 5136 516 5172 a.
531 5123 581 5172 281
601 5131 627 5173 et
644 5125 711 5186 291,
735 5124 878 5188 praefectum
896 5124 954 5175 urbi
973 5137 997 5174 a.
1011 5124 1064 5174 292
1083 5129 1110 5172 et
1128 5123 1194 5184 303,
1219 5097 1327 5172 nomina
1348 5121 1428 5172 fuisse
1446 5120 1585 5184 Pomponii

254 5207 329 5260 Bassi
346 5210 415 5262 Iunii
435 5211 578 5264 Tiberiani.
609 5215 662 5267 Sed
680 5217 814 5281 temptanti
833 5215 898 5266 mihi
916 5215 977 5266 talia
994 5215 1062 5266 inter
1079 5229 1176 5279 paucos
1195 5228 1252 5276 ees,
1273 5213 1317 5279 qui
1336 5212 1495 5264 consulatum
1512 5209 1583 5260 ordi·
