3826 5962
380 607 451 680 196
968 625 1112 676 nunnus

376 799 501 859 Martias
521 816 591 856 cum
613 796 718 856 eodem
739 797 927 856 consulatum
949 795 1177 856 administrasse
1197 797 1325 856 traditur
1350 795 1422 871 (aot.
1444 797 1549 855 Arval.
1572 817 1600 856 a.
1620 797 1702 873 118),

376 903 458 961 Ante
478 899 557 958 diem
576 898 683 957 deinde
697 895 743 955 VI
758 898 905 956 kalendas
920 898 1024 956 Iunias
1046 899 1150 958 eodem
1170 899 1285 958 honore
1306 899 1445 958 utebatur
1465 898 1625 976 adsumpto
1644 899 1705 957 ool·

376 1003 445 1078 lega
470 999 505 1060 G.
528 997 681 1059 Ummidio
708 996 880 1072 Quadrato,
908 999 951 1056 ita
978 1007 1011 1058 ut
1037 999 1137 1058 fasces
1164 1001 1264 1076 ipsum
1291 1000 1452 1058 retinuisse
1479 1011 1624 1078 appareat
1650 1019 1704 1077 per

376 1103 436 1162 duo
461 1101 603 1161 nundina.
649 1098 794 1158 Nundina
819 1120 855 1160 ea
880 1110 932 1160 aut
958 1100 1120 1160 trimestria
1145 1102 1257 1160 suerint
1281 1118 1404 1160 necesse
1430 1108 1477 1159 est
1502 1110 1555 1160 aut
1583 1101 1705 1177 quadri-

376 1204 513 1274 mestria,
539 1221 606 1261 cum
632 1201 761 1277 primum
788 1201 827 1258 ad
854 1219 984 1259 mensem
1005 1210 1084 1261 certe
1105 1203 1245 1260 Martium
1268 1199 1484 1279 pervenerit1).
1528 1203 1633 1261 Tertio
1655 1203 1705 1261 vel

377 1314 484 1382 quarto
512 1303 645 1362 nundino
672 1302 771 1362 fasces
800 1310 960 1378 gesserunt
985 1303 1020 1360 L.
1049 1303 1236 1378 Pomponius
1262 1303 1395 1374 Bassus,
1422 1302 1458 1362 L.
1485 1302 1704 1380 [Lic]inius(i)

376 1406 539 1476 Barbarus,
559 1404 668 1480 quibus
690 1403 865 1462 consulibus
880 1404 1007 1464 Arvales
1029 1405 1204 1464 convenisse
1225 1405 1362 1464 dicuntur
1382 1391 1421 1463 ob
1436 1403 1598 1464 adventurn
1613 1405 1705 1482 impe·

376 1509 494 1578 ratoris,
512 1506 568 1583 'qni
590 1524 651 1582 quo
673 1523 774 1564 mense
794 1506 823 1562 in
840 1504 942 1563 urbem
956 1505 1112 1564 intraverit
1126 1525 1185 1564 non
1200 1506 1296 1583 liquet
1317 1505 1387 1581 (aot.
1405 1505 1507 1564 Arval.
1525 1525 1551 1564 a.
1568 1505 1650 1581 118).
1664 1539 1701 1548 -

376 1610 485 1666 Annus
504 1607 561 1666 119
577 1607 617 1664 -in
644 1615 719 1683 quot
745 1605 878 1664 nundina
903 1605 1079 1665 distributus
1099 1606 1204 1680 fuerit,
1230 1606 1293 1666 lere
1315 1607 1502 1684 exploratum
1524 1617 1580 1666 est.
1623 1607 1703 1666 Nam

376 1710 474 1769 fasces
500 1707 670 1766 ordinarios
697 1725 733 1764 eo
757 1725 836 1764 anno
857 1725 924 1764 oum
946 1705 1073 1766 Rustico
1094 1705 1269 1767 Hadrianus
1291 1709 1426 1786 suscepit
1446 1709 1565 1768 tertium
1586 1710 1704 1780 consul,

376 1827 453 1886 quos
474 1827 528 1885 per
549 1809 608 1866 duo
629 1807 762 1866 nundina
782 1826 849 1865 eum
864 1807 996 1866 tenuisse
1011 1816 1079 1866 acta
1093 1808 1249 1866 Arvalium
1271 1809 1343 1868 anni
1359 1809 1418 1868 118
1440 1809 1611 1880 ostendunt,
1632 1809 1703 1869 dato

376 1913 405 1970 ei
426 1910 543 1987 collega
559 1909 598 1968 A.
614 1908 749 1966 Platorio
765 1907 892 1983 Nepote.
930 1908 1065 1968 Tertium
1086 1908 1251 1970 nundinum
1268 1908 1361 1969 Gallo
1382 1911 1501 1968 cuidam
1522 1913 1702 1987 assignatur,

377 2013 463 2072 cuius
490 2029 564 2089 gens
591 2027 626 2069 ac
651 2009 766 2086 collega
791 2009 886 2067 fracto
907 2009 1009 2085 lapide
1029 2010 1250 2070 interciderunt.
1295 2011 1415 2071 Menses
1438 1995 1571 2088 diesque,
1594 2013 1702 2089 quibus

377 2113 531 2172 Platorius
559 2119 590 2170 et
611 2107 721 2170 Gallus
746 2109 885 2168 consules
912 2111 1030 2182 luerint,
1057 2113 1116 2170 etsi
1142 2113 1213 2171 item
1240 2113 1469 2184 interciderunt,
1495 2133 1563 2172 cum
1583 2115 1614 2172 in
1636 2123 1703 2172 acta

374 2215 502 2273 relatum
525 2214 564 2272 sit
583 2211 733 2288 piaculum
755 2212 793 2269 ob
814 2211 988 2271 inlationem
1008 2212 1080 2271 ferri
1097 2212 1208 2273 sactum
1224 2232 1292 2273 esse
1306 2215 1442 2273 Platorio
1457 2217 1589 2286 consule,
1613 2213 1703 2274 Gallo

376 2316 499 2375 consule
523 2314 635 2372 ferrum
657 2313 780 2383 elatum,
810 2330 928 2370 sacrum
949 2321 1048 2370 autem
1070 2315 1108 2372 ob
1130 2315 1240 2372 semum
1262 2315 1378 2374 illatum
1401 2335 1503 2376 mense
1525 2316 1635 2376 Martio
1656 2315 1703 2374 vel

377 2416 476 2493 Aprili
501 2411 567 2474 deri
588 2413 828 2485 soleret,·elatio
848 2413 918 2472 ferri
941 2420 1010 2488 post
1029 2431 1142 2490 paucos
1165 2415 1228 2473 dies
1250 2415 1406 2490 subsequi,
1433 2403 1561 2494 denique
1584 2418 1704 2476 tertium

379 2517 541 2576 nundinum
566 2523 635 2574 ante
660 2513 807 2573 kalendas
828 2513 926 2574 Maias
953 2515 1089 2590 coepisse
1115 2523 1257 2592 nequeat,
1285 2516 1461 2574 consulatus
1487 2519 1557 2575 anni
1576 2519 1634 2577 119
1660 2518 1705 2576 bi·

376 2627 503 2679 mestres
529 2615 638 2676 fuerint
662 2631 784 2674 necesse
809 2623 865 2674 est.
880 2649 921 2660 —
949 2615 996 2674 De
1023 2614 1177 2674 annullo
1204 2633 1264 2674 non
1290 2623 1420 2675 constat:
1449 2617 1500 2692 qui
1526 2617 1606 2676 eninr
1634 2629 1705 2678 aute

376 2721 455 2779 diem
469 2719 513 2778 VI
534 2717 680 2776 kalendas
704 2716 808 2775 Iunias
834 2717 1012 2792 magistratu
1036 2717 1236 2793 fungebantur
1258 2714 1293 2775 0.
1315 2715 1470 2776 Publicius
1492 2719 1653 2778 Marcellus
1676 2731 1705 2778 et

376 2820 414 2879 Τ.
436 2819 569 2879 Rutilius
591 2817 796 2894 Propinquus,
818 2817 939 2894 quando
960 2817 1120 2878 ordinariis
1142 2817 1177 2876 L.
1200 2816 1309 2876 Catilio
1331 2816 1444 2878 Severo
1467 2827 1497 2877 et
1518 2818 1554 2877 T.
1578 2821 1703 2880 Aurelio

375 2921 475 2980 Fulvo
496 2919 705 2990 successerint,
726 2919 889 2995 ignoratur.
905 2951 944 2961 -
971 2919 1062 2977 Anno
1078 2918 1134 2976 121
1158 2919 1343 2978 ordinarium
1364 2920 1553 2978 consulatum
1574 2922 1705 2982 inierunt

375 3023 417 3084 M.
433 3023 550 3080 Annius
561 3019 659 3080 Verus
671 3019 702 3077 II
716 3027 746 3078 et
759 3020 861 3077 nescio
876 3021 927 3096 qui
943 3021 1057 3096 Augur.
1094 3018 1153 3078 Die
1167 3025 1266 3078 autem
1278 3019 1338 3078 VII
1352 3020 1421 3079 idus
1436 3021 1703 3098 Apriles‘Faustus

376 3125 496 3201 quidam
519 3132 549 3180 et
570 3121 607 3196 Q.
631 3121 816 3197 Pomponius
839 3121 998 3178 Marcellus
1021 3121 1118 3180 fasces
1140 3121 1291 3196 gerebant,
1314 3121 1423 3197 quibus
1444 3120 1503 3194 die,
1525 3131 1558 3180 ut
1578 3123 1703 3198 videtur,

377 3225 405 3281 V
423 3224 490 3282 idus
505 3223 603 3280 Maias
625 3223 684 3279 iam
706 3220 741 3279 L.
757 3221 943 3298 Pomponius
959 3222 1149 3280 Antistianus
1171 3230 1202 3279 et
1222 3220 1257 3280 L.
1273 3222 1458 3299 Pomponius
1474 3220 1615 3282 Silvanus
1637 3243 1704 3283 suc·

376 3329 540 3382 cesserant:
570 3339 639 3380 nam
665 3341 732 3380 cum
753 3322 802 3381 hic
822 3339 941 3398 quoque
963 3322 999 3380 de
1020 3323 1101 3381 ferro
1122 3321 1215 3381 inlato
1237 3330 1267 3380 et
1287 3323 1366 3383 elato
1389 3341 1487 3382 sermo
1510 3324 1563 3395 sit,
1592 3326 1704 3385 mensis

376 3443 485 3484 nomen
506 3423 587 3500 quod
608 3423 697 3498 periit
717 3422 803 3481 aliter
823 3423 957 3500 suppleri
979 3441 1039 3481 non
1061 3430 1169 3499 potest.
1203 3421 1289 3497 Quae
1303 3443 1370 3482 cum
1384 3425 1428 3482 ita
1443 3425 1513 3496 sint,
1534 3444 1613 3484 anno
1628 3445 1703 3502 quo·

376 3546 435 3604 qne
460 3525 515 3584 121
539 3525 697 3582 bimestres
719 3523 893 3582 consulatus
914 3525 1044 3582 fuerunt.
1088 3521 1226 3600 Denique
1243 3519 1386 3583 'similiter
1407 3543 1485 3584 anno
1504 3527 1561 3585 130
1584 3525 1622 3600 Q.
1644 3526 1702 3585 Fa-

375 3627 443 3684 bius
470 3623 640 3683 Catullinus
668 3631 697 3680 et
724 3624 766 3681 M.
787 3607 1014 3700 Flavius'Aper
1041 3625 1180 3683 consulas
1209 3626 1352 3684 ordinarii
1377 3627 1425 3684 die
1441 3625 1537 3686 VIIII
1556 3627 1703 3686 kalendas

376 3724 549 3801 M(artiasl)
572 3723 670 3782 adhuc
692 3743 814 3782 munere
834 3724 1005 3802 funguntur,
1026 3725 1074 3784 die
1087 3725 1182 3784 XIIII
1202 3726 1355 3798 kalendas,
1377 3734 1410 3785 ut
1430 3729 1557 3800 videtur,
1579 3729 1703 3805 Apriles

376 3827 515 3904 Agrippa
534 3825 654 3902 qnidam
679 3833 709 3885 et
730 3823 894 3898 Quartinus
916 3825 1055 3886 consules
1076 3827 1246 3905 signantur3
1269 3847 1337 3886 nam
1359 3828 1510 3904 piaculum
1532 3829 1571 3887 ob
1591 3829 1703 3888 ferrum

375 3929 501 3988 inlatum
523 3929 620 4004 magis
641 3927 795 4005 probabile
809 3928 981 3986 estfactum
996 3945 1064 3987 esse
1077 3946 1178 3988 mense
1193 3929 1359 3988 Februario
1374 3946 1462 4006 quam
1478 3947 1580 3989 mense
1595 3931 1704 4008 Aprili.

376 4030 445 4090 Hoc
466 4031 518 4104 qui
540 4029 700 4105 praeferat,
722 4029 749 4086 ei
771 4027 961 4087 statuendum
983 4039 1029 4088 est
1050 4028 1190 4088 suffectos
1212 4029 1305 4088 inisse
1325 4028 1464 4088 kalendis
1479 4029 1567 4088 Maiis
1582 4039 1613 4089 et
1626 4049 1703 4090 nun-

376 4131 446 4189 dina
468 4149 504 4189 eo
526 4148 605 4190 anno
626 4129 721 4189 fuisse
742 4127 979 4205 quadrimestria.

459 4229 648 4307 Quamquam
668 4231 712 4290 ita
731 4232 763 4289 in
785 4230 871 4291 binos
885 4229 1060 4307 plerumque
1074 4247 1190 4289 menses
1206 4233 1262 4290 sub
1277 4229 1431 4290 Hadriano
1445 4232 1543 4290 fasces
1558 4230 1618 4290 dati
1632 4248 1702 4291 esse

375 4331 522 4402 videntur,
544 4338 643 4390 tamen
666 4352 703 4390 ne
724 4351 760 4390 ea
775 4331 894 4408 quidem
909 4341 1006 4390 aetate
1020 4332 1129 4390 desunt
1142 4333 1359 4404 consulatuum,
1382 4332 1408 4390 si
1423 4350 1483 4390 non
1497 4331 1702 4403 trimestrium,

375 4437 454 4489 certe
476 4430 737 4506 quadrimestrium
753 4433 901 4509 exempla.
938 4433 1026 4490 Anno
1044 4430 1102 4492 tts
1125 4431 1293 4491 ordinarios
1306 4433 1405 4492 fasces
1420 4441 1576 4509 gesserunt
1589 4431 1625 4490 1..
1640 4431 1705 4491 Ne·

375 4531 468 4588 ratius
489 4531 650 4590 Marcellus
664 4531 695 4589 II
716 4540 745 4590 et
765 4531 801 4590 P.
824 4533 978 4592 Iuventius
994 4530 1104 4592 Celsus
1119 4533 1162 4605 II,
1182 4533 1228 4592 illi
1249 4541 1320 4609 post
1339 4551 1452 4611 paucos
1473 4533 1538 4591 dies
1560 4531 1703 4592 suffectus

375 4637 422 4689 est
444 4628 481 4702 Q.
503 4629 600 4691 Iulius
621 4631 744 4691 Balbus.
788 4631 897 4693 Celsus
919 4643 948 4692 et
972 4632 1086 4693 Balbus
1109 4653 1175 4693 oum
1201 4634 1304 4694 diebus
1326 4633 1391 4692 ΧΠ
1412 4633 1557 4708 kalendas
1578 4632 1704 4692 Martias

453 4877 476 4940 ¹)
505 4877 653 4930 Hadrianus
666 4880 694 4930 II
712 4881 802 4932 consul
820 4883 899 4932 etiam
918 4897 976 4934 cum
995 4883 1095 4948 collega
1106 4883 1206 4933 Libone
1225 4883 1388 4948 coniungitur
1406 4883 1433 4932 in
1445 4881 1520 4931 titulo
1533 4895 1612 4945 supra
1624 4881 1703 4930 citato

376 4967 421 5018 Or.
439 4969 546 5020 Henaeu
565 4969 637 5022 6⁷74
655 4990 689 5013 =
703 4973 757 5035 vl,
777 4973 839 5034 20⁷,
865 4973 908 5023 ubi
932 4981 991 5038 post
1008 4989 1098 5024 vocem
1117 4974 1232 5024 Tralauo
1255 4973 1393 5024 inserenda
1416 4979 1455 5022 est
1477 4971 1564 5022 littera
1586 4971 1612 5022 Η
1622 5003 1702 5020 .....

374 5063 480 5110 anctore
497 5059 674 5113 Melobiorrio.
711 5061 797 5124 Quare
820 5071 865 5115 aut
883 5064 1026 5118 Salinatori
1048 5065 1166 5116 kalendis
1184 5063 1319 5130 Apr111bus
1339 5063 1459 5114 suffectus
1478 5069 1516 5113 est
1533 5061 1614 5123 Libo,
1640 5059 1702 5110 huic

374 5148 485 5199 tortam
503 5159 585 5202 morte
603 5161 740 5219 praerepto
754 5155 908 5218 Quadratus,
929 5163 974 5206 aut
992 5155 1139 5208 Hadrianus
1157 5171 1204 5221 per
1222 5157 1271 5207 tria
1290 5154 1407 5206 nundIna
1423 5153 1506 5206 fasces
1524 5152 1613 5205 tenuit.
1646 5151 1702 5215 Ego

374 5238 446 5290 illam
466 5241 639 5295 coniecturam
658 5247 740 5312 magis
760 5247 900 5312 probarim.
