3750 5990
445 592 520 666 296
1014 599 1196 653 uosmssu
1224 539 1232 591 ²

446 692 1774 722 -..----—--——--—-——-·---·-—

446 781 558 852 liceret,
580 785 701 838 senatus
722 791 787 834 eam
809 791 872 832 rem
893 771 1028 848 ampliat,
1047 771 1142 829 donec
1162 769 1199 826 de
1220 785 1258 826 ea
1277 783 1310 826 re
1331 764 1367 826 0.
1388 764 1561 824 Lucretium
1583 764 1721 836 audierit,
1741 775 1775 824 ut

449 881 524 940 satis
550 885 695 955 appareat
719 875 847 933 feminas
874 891 943 930 eum
969 872 1067 947 ipsum
1095 871 1127 928 in
1151 868 1292 928 iudicium
1318 875 1476 926 vocaturae
1501 865 1605 924 fuisse.
1647 865 1712 924 Res
1735 864 1775 924 de

447 999 510 1059 qua
530 987 694 1056 queruntur
715 973 861 1035 Thisbaei
881 990 1062 1050 quamquam
1082 971 1185 1047 ignota
1205 977 1266 1039 est,
1292 969 1324 1026 in
1350 967 1521 1026 universum
1544 983 1605 1042 quo
1626 965 1777 1042 pertineat

448 1081 525 1142 satis
546 1077 735 1156 perspicitur.
776 1074 827 1133 De
847 1071 990 1133 Lucretio
1010 1089 1089 1147 quae
1109 1069 1257 1147 Polybius
1276 1068 1442 1144 Liuiusque
1464 1074 1677 1142 exposuerunt,
1703 1077 1777 1125 tem·

447 1198 555 1259 porum
576 1177 686 1238 iniuria
705 1176 870 1252 perierunt3
896 1172 949 1232 aed
970 1189 1116 1232 summam
1137 1188 1200 1228 rem
1221 1169 1270 1228 hic
1291 1166 1515 1244 comprehendit
1535 1167 1635 1246 verbis
1654 1167 1704 1226 hia
1726 1168 1776 1236 43,

448 1283 483 1340 4:
512 1281 613 1340 lenitas
631 1279 775 1354 praetoria
849 1292 880 1333 eo
899 1275 1013 1350 φατέον
1029 1271 1110 1348 plebi
1124 1270 1313 1346 patribusque
1320 1270 1391 1344 suit,
1414 1286 1470 1344 qao
1484 1267 1628 1326 andeliae
1642 1271 1777 1326 marias-

448 1400 503 1458 que
528 1385 559 1439 in
588 1377 713 1438 Graecia
738 1376 872 1434 bellatura
898 1385 925 1434 et
947 1373 985 1432 ab
1012 1371 1126 1433 emenia
1146 1369 1262 1430 Manio
1286 1378 1313 1428 et
1337 1369 1373 1427 ab
1400 1365 1534 1428 haeretis
1551 1377 1687 1446 praetore
1707 1379 1778 1428 eat

448 1480 617 1541 Lucretium
638 1475 855 1553 semetpsos
876 1473 1019 1533 obernum
1038 1471 1213 1531 contionibus
1234 1471 1366 1528 adsiduis
1383 1468 1558 1539 banasam,
1580 1487 1643 1526 cans
1662 1472 1707 1526 rei
1723 1487 1779 1544 pu-

450 1581 542 1640 blicae
562 1595 652 1638 eausa
672 1577 770 1636 abesae
796 1584 993 1636 memoretur.-
1019 1573 1071 1632 sed
1090 1582 1146 1630 tarn
1167 1572 1238 1628 adeo
1261 1572 1359 1628 vicina
1380 1573 1465 1628 etiam
1484 1569 1667 1644 inarplorata
1688 1579 1778 1640 nant

449 1689 483 1739 ut
502 1683 528 1738 is
548 1696 580 1738 eo
602 1688 723 1752 tempore
742 1680 773 1734 tn
794 1693 865 1752 aqro
885 1693 938 1733 sao
959 1672 1074 1732 Antiati
1094 1681 1166 1730 esset
1186 1688 1346 1746 aquamque
1367 1687 1401 1728 ea
1419 1669 1563 1728 manubiis
1581 1668 1702 1728 Annam

450 1783 573 1840 duceret
614 1777 691 1836 Post
716 1775 778 1834 alia
803 1773 909 1834 deinde
929 1793 955 1832 e.
979 1773 1007 1834 7.
1029 1771 1048 1830 8
1074 1780 1195 1830 enarrat
1221 1769 1463 1829 Chalcidensium
1486 1769 1523 1827 de
1543 1769 1683 1828 Lucretio
1706 1788 1777 1845 que

449 1879 610 1950 rimonias,
635 1877 668 1935 in
689 1875 737 1935 his
758 1875 863 1951 templa
884 1873 1011 1932 omnibns
1030 1875 1200 1932 ornamentis
1221 1869 1357 1947 spoliata,
1384 1869 1591 1946 ampliatoque
1616 1871 1776 1946 sacrileqc'e'r

452 1981 484 2040 G.
507 1979 672 2038 Lucretium
692 1975 814 2034 navibus
836 1973 954 2034 Antium
975 1975 1128 2044 devertere,
1156 1972 1246 2030 libera
1267 1987 1392 2046 corpora
1413 1973 1444 2026 in
1465 1973 1624 2030 sennenn
1644 1971 1777 2047 abrepta,

445 2080 585 2154 sortanne
606 2079 746 2135 eameram
765 2075 871 2151 populi
891 2075 1013 2132 Ronsanr'
1039 2075 1154 2149 direpta
1179 2089 1240 2130 ease
1336 2068 1490 2128 Accersere
1515 2073 1546 2129 s'n
1566 2081 1695 2129 sarman
1716 2071 1777 2128 Inr-

451 2179 567 2236 erets'um
586 2175 707 2252 placuit,
728 2185 759 2234 at
778 2177 948 2250 disceptaret
960 2190 1057 2232 coram
1066 2182 1263 2248 purgaretque
1282 2188 1330 2230 re:
1352 2179 1472 2228 ceterum
1491 2171 1579 2228 multo
1588 2171 1679 2246 plara
1689 2189 1777 2247 prae

451 2295 516 2336 eene
537 2275 647 2334 audiuit
667 2291 752 2348 quarn
773 2278 805 2332 in
825 2274 966 2333 absentem
985 2277 1064 2332 iacto
1085 2281 1175 2330 eram.
1207 2271 1347 2346 Denique
1368 2270 1479 2330 tribuni
1499 2270 1597 2346 plebis
1617 2270 1678 2329 duo
1699 2272 1777 2330 diem

450 2377 479 2436 ei
493 2375 596 2434 dieunt
608 2390 735 2450 eumque
748 2372 880 2447 quinque
894 2383 924 2431 et
937 2373 1060 2450 triginta
1073 2371 1170 2429 trihus
1184 2387 1289 2429 omnes
1304 2369 1403 2429 decies
1418 2371 1497 2428 aeris
1512 2371 1720 2430 condemnant.
1736 2407 1775 2418 -

451 2477 543 2538 Talia
562 2493 630 2536 eum
652 2471 864 2534 Chalcidenses
885 2473 969 2550 passi
991 2477 1101 2541 essent,
1123 2476 1357 2528 consentaneum
1379 2475 1427 2528 est
1447 2469 1606 2528 Thisbaeis
1626 2491 1695 2530 eum
1718 2491 1778 2530 non

451 2578 549 2655 magis
569 2573 756 2652 pepercisse,
781 2571 913 2632 maxime
938 2571 990 2647 qui
1015 2580 1117 2630 essent
1142 2570 1237 2644 partis
1259 2569 1482 2640 Macedonicam
1509 2589 1578 2628 nam
1600 2572 1664 2630 eius
1683 2574 1779 2649 partis

450 2679 546 2740 fuisse
567 2677 656 2736 credo
670 2673 812 2734 mulieres
832 2671 900 2732 illas
913 2689 980 2729 eum
995 2669 1157 2741 Foucarto,
1179 2669 1261 2746 quod
1274 2668 1406 2727 Thisbes
1426 2670 1545 2745 regredi
1560 2678 1708 2745 vetantur,
1728 2691 1780 2731 ne·

451 2796 509 2855 que
524 2777 635 2847 obstat,
649 2774 728 2851 quod
739 2772 882 2832 Thisbaei
896 2772 948 2847 qui
962 2770 994 2830 in
1007 2770 1065 2828 fide
1076 2779 1251 2828 manserunt
1264 2786 1385 2827 causam
1400 2787 1501 2828 aarum
1516 2770 1548 2828 in
1559 2779 1664 2830 senatu
1677 2785 1780 2851 agunt,

452 2896 521 2938 cum
535 2874 712 2954 pracsertim
727 2873 866 2930 mulieres
881 2871 950 2929 sint.
985 2871 1114 2930 Praetor
1134 2867 1318 2944 intellegitur
1338 2869 1458 2926 omnino
1480 2869 1558 2929 inter
1577 2871 1657 2930 cirea
1678 2883 1710 2931 et
1729 2891 1780 2949 pe·

451 2971 642 3055 regrinos¹);
674 2990 744 3030 nam
772 2971 934 3030 secundum
960 2969 1095 3029 ordinem
1120 2969 1297 3029 iudiciorum
1323 2968 1397 3027 civis
1422 2967 1578 3031 Romanus
1603 2989 1639 3030 ec
1665 2981 1781 3034 tantm

454 3097 474 3136 a
494 3076 653 3152 peregrino
680 3073 711 3132 in
738 3074 786 3132 ius
808 3070 912 3131 vocari
932 3067 1073 3146 potuitl).
1116 3061 1184 3139 Δίκη
1207 3060 1320 3150 ὕβριως
1343 3067 1460 3128 Graeco
1481 3072 1627 3130 vocabulo
1648 3073 1781 3150 legitimo

453 3175 494 3234 ad
507 3175 675 3232 Romanum
698 3187 843 3244 expresso
865 3171 943 3228 actio
965 3176 1012 3228 est
1030 3163 1218 3240 iniuriarum,
1238 3185 1299 3228 uon
1313 3169 1436 3244 publica
1448 3179 1555 3246 postea
1574 3171 1693 3231 demum
1715 3174 1783 3252 lege

454 3271 596 3333 Cornelia
607 3267 786 3342 introducta,
808 3269 861 3328 sed
883 3269 1094 3345 antiquissima
1107 3269 1235 3344 privata,
1255 3286 1332 3343 quae
1354 3269 1443 3328 etiam
1458 3280 1561 3330 contra
1573 3275 1781 3349 magistratum

454 3371 568 3433 intendi
592 3369 703 3448 potuit,
734 3369 761 3428 si
792 3367 863 3446 quid
889 3367 1011 3428 fecisset
1036 3386 1097 3425 non
1128 3367 1193 3426 iure
1218 3369 1426 3444 magistratus,
1467 3371 1520 3430 sed
1550 3370 1622 3440 odio
1650 3376 1783 3450 privato.

347 3547 352 3558 Ι
453 3473 518 3536 Nea
543 3470 772 3546 maqistratibue,
799 3465 952 3542 Ulpianus
978 3467 1020 3524 eit
1053 3466 1378 3544 (Dig.47,10‚et),
1411 3471 1475 3530 lieet
1503 3470 1617 3547 aliquid
1642 3476 1785 3535 iniuriose

449 3576 570 3652 saone:
597 3573 626 3628 si
650 3569 721 3643 qaid
745 3570 835 3641 tqitur
851 3582 908 3642 per
932 3569 1070 3624 iniuriam
1088 3567 1190 3641 feceret
1210 3572 1397 3644 mnqistratas
1417 3571 1463 3630 cel
1483 3575 1568 3646 quasi
1584 3577 1719 3648 privates
1738 3579 1785 3635 erl

451 3673 563 3750 fidncia
583 3660 818 3746 nequeumt),
836 3669 1009 3725 iniuriarum
1019 3675 1115 3742 potest
1135 3671 1287 3728 conveniet.
1322 3671 1375 3728 sed
1393 3680 1486 3730 atrurn
1496 3675 1593 3747 posito
1613 3678 1787 3750 noqietrate

536 4007 560 4072 ¹)
584 4011 672 4075 Ipsum
686 4007 834 4058 Lucretium
853 4007 979 4073 intellegit
990 4007 1132 4059 Foacnrtus
1150 4023 1294 4075 perperam,
1312 4001 1410 4062 'conus
1425 4004 1579 4076 praetorem’
1596 4021 1697 4066 vertens
1715 4019 1789 4084 quod

459 4101 524 4153 verti
543 4099 632 4150 debuit
647 4091 728 4164 ‘apud
745 4089 819 4150 eum'.
1611 4125 1613 4130 ¹

534 4188 560 4254 ²)
584 4190 689 4242 Scilicet
705 4203 838 4240 versamur
855 4188 883 4238 in
902 4187 934 4238 iis
953 4187 1124 4252 temporibus,
1148 4189 1241 4254 quibus
1258 4191 1372 4241 nominis
1389 4191 1523 4243 deferendi
1540 4193 1642 4257 privato
1660 4195 1703 4246 ius
1721 4213 1789 4250 nou·

460 4283 523 4334 dum
542 4287 598 4331 erat
619 4293 703 4345 neque
727 4286 800 4331 erant
818 4279 980 4344 quaestiones
997 4279 1162 4345 privataeque
1179 4282 1355 4332 accusationes
1373 4283 1449 4334 ullae.
1486 4284 1556 4337 Sane
1573 4285 1605 4333 de
1624 4285 1671 4336 tali
1689 4288 1791 4339 delicto

458 4374 539 4424 etiam
556 4370 688 4436 publicum
705 4371 828 4422 iudicium
846 4365 904 4420 lieri
922 4375 1037 4434 poterat,
1061 4377 1090 4420 ut
1106 4377 1212 4436 propter
1230 4372 1327 4423 similes
1344 4373 1452 4424 iniurias
1470 4373 1681 4426 Chalcidensibus
1700 4379 1792 4431 illatas

460 4461 491 4512 C.
504 4460 638 4511 Lucretius
650 4473 697 4522 per
709 4461 825 4509 tribunos
836 4460 919 4523 plebis
931 4460 1064 4527 plebisque
1076 4463 1213 4512 concilium
1225 4463 1349 4514 multatus
1366 4470 1417 4526 est3
1436 4471 1464 4514 at
1481 4465 1609 4516 eiusmodi
1620 4467 1746 4518 iudicium
1760 4479 1792 4521 ut

459 4555 566 4614 propter
589 4549 718 4612 privatam
742 4549 799 4598 lieri
821 4556 937 4612 poterat,
961 4551 999 4602 ita
1022 4566 1077 4602 non
1100 4551 1304 4617 perpetratum,
1328 4567 1411 4620 neque
1434 4555 1468 4606 ad
1490 4556 1519 4606 id
1536 4560 1791 4611 senamseousaltam

459 4637 580 4704 pertinet.

539 4723 564 4788 ⁸)
586 4726 619 4778 Id
633 4743 683 4793 quo
696 4729 836 4794 perveniat,
856 4730 953 4795 optime
969 4731 1130 4784 demonstrat
1147 4732 1216 4784 idem
1233 4741 1323 4785 auctor
1334 4733 1395 4799 Dig.
1410 4735 1435 4797 9,
1450 4735 1476 4798 t,
1490 4736 1534 4798 29,
1549 4737 1575 4800 t,
1590 4736 1639 4788 'ubi
1656 4739 1792 4792 actionem

461 4833 495 4870 ex
513 4818 570 4884 lege
582 4819 689 4885 Aquilia
708 4819 754 4871 dat
771 4821 850 4870 etiam
869 4829 959 4872 corna
976 4824 1161 4889 magistatem,
1182 4826 1226 4890 qui
1244 4825 1338 4890 pignus
1350 4826 1446 4890 ceperit
1463 4841 1518 4876 non
1536 4827 1649 4892 exlege,
1668 4832 1794 4894 quamvis

460 4925 494 4961 ex
512 4910 569 4976 lege
587 4924 615 4960 se
634 4925 726 4977 capere
744 4911 849 4976 putarit.
880 4912 986 4964 Scilicet
1003 4927 1036 4964 ea
1054 4915 1122 4966 actio
1141 4915 1241 4980 culpam
1256 4922 1354 4966 mamm
1372 4916 1488 4981 requirit.
1525 4917 1612 4980 Quare
1630 4933 1794 4985 quamquam

460 5015 524 5070 qaae
546 5001 602 5052 iure
614 5002 750 5068 potestatis
767 5017 785 5050 a
802 5002 954 5068 nomenata
964 5002 1039 5069 fiunt,
1064 5004 1100 5055 nd
1116 5007 1267 5056 iniuriarum
1285 5008 1406 5058 actionem
1427 5021 1477 5058 non
1495 5009 1625 5074 pertineret
1647 5007 1722 5076 (Dig.
1742 5013 1795 5074 4⁷,

460 5091 505 5152 10,
527 5093 570 5155 13,
590 5091 627 5153 6),
647 5093 668 5142 si
687 5091 750 5157 quid
761 5093 923 5157 magistratum
942 5095 986 5159 qui
1004 5094 1054 5145 tuit
1070 5097 1098 5146 in
1117 5099 1268 5160 magistratu
1285 5105 1375 5150 conus
1392 5099 1433 5148 ius
1445 5098 1507 5149 dolo
1525 5099 1595 5149 malo
1613 5099 1707 5152 iecisse
1725 5115 1796 5154 cou-

459 5181 578 5243 riucitur,
598 5195 754 5248 quamquam
770 5183 833 5236 iecit
850 5199 899 5249 pro
916 5186 1076 5252 magistratu,
1095 5187 1247 5240 iniuriarum
1265 5190 1449 5242 condemnetur
1466 5203 1571 5242 necesse
1588 5198 1635 5242 est.
