3826 5962
377 653 447 724 190
967 664 1112 716 uuuzuu

452 839 564 900 ‘Galba
589 849 619 899 et
639 838 729 897 Vinio
755 836 918 896 interfectis
945 838 975 896 in
1001 837 1069 914 ipso
1096 833 1252 894 consulatu
1277 831 1589 904 stanislaum,
1618 829 1701 892 Otho

371 962 439 1002 cum
465 943 557 1002 fratre
579 940 702 1000 Titiano
728 940 760 997 in
785 937 885 997 locum
906 955 1009 996 eorum
1031 935 1190 1008 successit,
1217 933 1272 994 sed
1292 943 1326 993 ut
1347 933 1536 993 consulatum
1560 933 1705 992 retineret

373 1053 487 1102 tantum
510 1042 548 1100 ad
570 1041 659 1100 tinem
680 1041 792 1100 mensis
813 1039 979 1112 Februarii,
1001 1037 1032 1097 id
1054 1037 1134 1114 quod
1155 1047 1185 1096 et
1199 1035 1323 1096 Tacitus
1344 1036 1386 1094 ait
1407 1043 1526 1093 stacta
1539 1034 1702 1092 Arvalium

372 1162 467 1220 nuper
494 1143 612 1219 egregie
634 1141 858 1212 confirmarunt,
886 1160 954 1200 cum
975 1141 1006 1198 k.
1029 1139 1147 1198 Martiis
1169 1138 1309 1198 consules
1331 1142 1445 1214 ponant
1466 1155 1527 1194 non
1549 1135 1623 1206 bos,
1650 1135 1705 1193 sed

371 1243 482 1304 Rufum
505 1252 535 1302 et
551 1242 725 1318 Vopiscum.
768 1242 903 1300 Inierunt
924 1249 1023 1299 autem
1046 1239 1181 1300 Othones
1203 1239 1311 1298 iratres
1332 1255 1393 1296 non
1414 1237 1483 1314 ipso
1505 1255 1541 1296 eo
1562 1236 1621 1308 die,
1643 1255 1705 1312 quo

373 1344 472 1404 Galba
498 1363 565 1402 cum
580 1343 670 1404 Vinio
696 1343 823 1415 interiit,
850 1343 904 1402 sed
926 1351 994 1419 post
1014 1339 1220 1412 intervallum,
1249 1339 1365 1398 scilicet
1386 1338 1463 1397 inter
1485 1337 1549 1396 dies
1571 1338 1636 1396 Ian.
1653 1336 1705 1408 26,

372 1464 432 1522 quo
455 1445 532 1504 diem
555 1445 663 1516 solum,
685 1444 826 1512 consules
848 1444 948 1502 nullos
970 1452 1038 1502 acta
1057 1441 1214 1502 Arvalium
1236 1440 1407 1512 enuntiant,
1430 1445 1461 1498 et
1481 1439 1546 1498 Ian.
1565 1439 1620 1510 30,
1643 1455 1705 1514 quo

373 1546 485 1604 babent
506 1545 645 1604 consules
669 1544 814 1604 Othones.
857 1543 983 1603 Vocarit
1003 1543 1095 1622 igitur
1117 1560 1251 1602 summus
1274 1541 1468 1620 magistratus
1489 1559 1544 1616 per
1565 1539 1629 1598 dies
1650 1557 1706 1597 un·

373 1646 470 1704 decim
493 1647 542 1704 rel
563 1646 665 1722 paullo
687 1645 798 1721 plures.
1208 1645 1211 1650 ‘

455 1743 525 1820 ‘Qui
548 1757 757 1804 successerunt
772 1745 942 1804 Othonibus
963 1745 993 1802 d.
1008 1745 1095 1804 Mart.
1115 1745 1129 1802 l
1152 1743 1189 1803 L.
1204 1743 1367 1822 Verginius
1388 1742 1488 1802 Rulus
1503 1740 1534 1800 11
1555 1739 1591 1800 1..
1614 1741 1707 1800 Pom·

373 1848 461 1926 peius
476 1846 640 1924 Vopiscus,
661 1863 714 1904 eos
736 1847 774 1905 ab
789 1845 910 1905 Othone
932 1846 1105 1922 designatos
1128 1862 1193 1904 esse
1208 1845 1333 1904 Tacitus
1356 1844 1471 1916 scribit,
1493 1841 1606 1902 addens
1627 1851 1707 1902 cete-

375 1965 425 2008 ros
452 1948 591 2006 consules
618 1947 768 2005 mansisse
794 1965 833 2004 ex
858 1947 1057 2006 destinatione
1078 1946 1212 2022 priorum
1234 1946 1455 2020 imperatorum.
1496 1943 1596 2002 Etiam
1618 1961 1708 2002 accu-

374 2047 470 2106 ratius
498 2049 541 2106 ait
561 2047 743 2106 Plutarchus
765 2046 836 2105 Otb.
861 2049 890 2105 l:
919 2034 948 2104 dv
975 2035 1024 2114 tadu
1048 2039 1135 2106 adsis
1157 2043 1267 2121 (Otho)
1294 2034 1445 2103 ὑπατεύειν
1467 2034 1570 2126 χρόνον
1591 2031 1708 2113 ἤμελλε,

374 2138 475 2204 τούτου
498 2139 576 2230 μέρος
596 2139 699 2214 ἔνειμεν
721 2140 873 2230 Οὐεργινίῳ
894 2138 1017 2224 Ῥούφῳ.
1061 2148 1190 2206 strunt
1210 2165 1332 2217 manses,
1355 2163 1431 2221 quos
1455 2143 1605 2204 Othonem
1626 2145 1707 2204 Rufo

376 2257 407 2306 et
428 2247 562 2324 Vopisco
584 2247 784 2306 destinavisse
805 2249 883 2308 idem
906 2249 1031 2308 Tacitus
1054 2257 1158 2308 suntor
1180 2257 1236 2317 est,
1257 2247 1384 2306 Martius
1407 2255 1437 2303 et
1459 2246 1573 2324 Aprilis
1595 2246 1708 2304 luerint

376 2366 500 2408 necesse
521 2357 581 2420 est,
608 2367 676 2406 cum
697 2349 873 2425 praesertim
895 2349 988 2408 addat
1009 2349 1048 2408 iis
1071 2349 1255 2407 successisse
1276 2347 1416 2406 consules
1439 2344 1568 2408 Sabinos
1590 2353 1707 2407 creatos

376 2451 408 2507 in
428 2449 459 2508 lr.
481 2449 585 2520 Iulias,
606 2449 640 2508 id
658 2455 706 2508 est
724 2449 776 2526 qui
796 2468 851 2526 per
872 2466 991 2508 menses
1013 2449 1125 2508 Maium
1147 2456 1178 2508 et
1197 2448 1318 2507 Iunium
1339 2448 1439 2507 fasces
1461 2459 1606 2525 gererent
1643 2447 1707 2506 Do·

377 2559 501 2608 suerunt
522 2555 621 2609 tamen
643 2557 710 2608 acta
723 2550 880 2609 Arvalium
896 2548 1025 2610 Sabinos
1046 2549 1146 2608 fasces
1170 2550 1229 2608 iam
1245 2549 1378 2609 tenuisse
1396 2549 1425 2608 d.
1440 2551 1516 2626 Apr.
1533 2551 1588 2622 30;
1611 2567 1709 2624 neque

376 2651 407 2709 id
435 2649 551 2709 ratione
579 2659 669 2710 caret.
713 2649 793 2710 Nam
822 2651 939 2710 devicto
961 2637 1081 2710 Otbone
1107 2659 1137 2710 et
1162 2650 1319 2709 interiecto
1347 2649 1375 2710 d.
1406 2668 1431 2708 c.
1455 2650 1529 2726 Apr.
1552 2649 1589 2708 16
1611 2649 1710 2708 Rufus

377 2751 579 2828 expeditionis
601 2769 701 2809 comes
723 2761 754 2810 et
774 2754 857 2829 regni
879 2751 1100 2828 quodammodo
1122 2748 1277 2810 affectator
1298 2751 1410 2810 inritus
1431 2751 1532 2810 statim
1546 2751 1642 2810 fasces
1657 2750 1709 2808 de·

377 2852 512 2926 posuerit
533 2869 655 2910 necesse
677 2862 724 2910 est
744 2853 869 2928 eiusque
891 2854 1063 2931 exemplum
1085 2853 1231 2932 collegam
1254 2860 1390 2912 secutum
1411 2870 1478 2912 esse
1500 2851 1666 2927 probabile.

460 2946 592 3009 ‘Praeter
613 2952 699 3028 paria
720 2972 756 3012 ea
776 2953 845 3025 duo,
867 2954 903 3012 de
925 2955 1033 3032 quibus
1055 2953 1197 3024 diximus,
1218 2953 1250 3012 in
1267 2953 1346 3011 bunc
1361 2971 1471 3011 annum
1487 2953 1628 3012 consoles
1643 2953 1709 3011 nul·

378 3050 424 3109 los
446 3051 619 3128 designatos
642 3071 707 3113 esse
729 3053 767 3112 ab
782 3053 902 3113 Otbone
924 3065 1063 3114 auctores
1084 3055 1194 3113 diserte
1216 3054 1367 3113 altirmant
1387 3053 1569 3113 Plutarchus
1584 3053 1657 3114 Otb.
1676 3057 1708 3111 l:

379 3137 409 3206 dv
430 3139 479 3218 μὲν
500 3146 586 3212 ariade
600 3145 749 3210 dnoersu'rw
764 3148 867 3236 χρόνον
884 3143 998 3224 ἤμελλε,
1019 3144 1119 3211 τούτου
1134 3145 1213 3237 μέρος
1227 3145 1327 3223 ἔνειμεν
1349 3147 1501 3238 Οὐεργινίῳ
1516 3145 1632 3230 Ροῦφῳ,
1652 3155 1711 3214 τοῖς

380 3240 411 3307 δὲ
430 3243 675 3326 ἆποδεδειγμὲνοιι
694 3248 749 3310 sind
765 3244 884 3334 Νέρωνος
902 3243 1043 3323 ἢΓᾶλβιι
1064 3255 1153 3312 πᾶσιν
1174 3245 1288 3336 s'rsr'pnra
1311 3247 1363 3315 τὰς
1384 3245 1520 3316 inuretur
1540 3263 1570 3314 et
1583 3255 1710 3316 Tacitus

380 3348 452 3408 hist.
470 3351 496 3420 1,
512 3350 529 3407 7
534 3351 561 3408 7ι
583 3353 683 3411 coruul
703 3372 765 3412 cum
782 3355 891 3413 Ἠείαιιο
906 3358 1005 3432 fretra
1025 3358 1056 3414 in
1074 3355 1102 3414 lc.
1118 3355 1247 3415 Mer-ties
1259 3360 1336 3432 ipss:
1355 3360 1502 3432 prosimos
1516 3375 1622 3416 nenses
1639 3357 1709 3416 Ver-

379 3452 459 3528 ginio
481 3453 607 3511 destinet
701 3457 830 3530 iunpitur
846 3455 981 3530 Verginio
996 3455 1149 3530 Pompeius
1166 3456 1306 3531 Vopiscus
1390 3461 1473 3516 curri
1494 3457 1660 3516 remutatus
1676 3477 1710 3517 ar

380 3551 567 3610 destinatione
588 3553 713 3614 Neronis
737 3566 788 3614 out
812 3555 923 3616 Gelbes
943 3574 1084 3630 masma,
1110 3555 1209 3616 Coelio
1230 3573 1265 3616 ac
1285 3557 1391 3616 Flauio
1414 3555 1533 3617 Sabinis
1554 3561 1585 3616 in
1605 3559 1710 3628 Iulios,

381 3648 472 3710 Amo
486 3650 631 3712 Antonine
645 3665 671 3712 ct
684 3654 784 3714 Mario
800 3655 880 3716 Celso
903 3657 954 3733 (cl.
971 3657 1041 3717 bist.
1060 3659 1087 3730 l,
1105 3657 1156 3734 14)
1179 3661 1209 3716 in
1225 3655 1411 3734 Septembres,
1425 3677 1546 3735 quonum
1559 3659 1711 3718 bonoribus

380 3769 417 3809 ns
433 3750 564 3810 Vitellius
586 3755 696 3829 quidem
717 3760 806 3818 motor
826 3761 992 3818 intercessit.
1028 3757 1118 3818 Unde
1138 3759 1266 3836 primum
1287 3759 1439 3835 colligitur
1454 3757 1582 3819 Galbam
1604 3759 1712 3818 sibiet

382 3849 471 3910 Vinio
485 3851 582 3912 fasces
598 3855 717 3915 dedisse
731 3858 762 3916 in
778 3859 944 3918 nundinum
958 3859 1189 3935 quadrimestro;
1209 3879 1278 3918 nam
1292 3861 1350 3918 hoc
1364 3859 1449 3919 siunt
1463 3870 1599 3920 auctores
1615 3860 1711 3920 Otho·

381 3970 449 4011 nem
471 3953 547 4013 nibil
568 3974 707 4030 novasse,
730 3967 844 4018 tantum
865 3960 1030 4020 interfectis
1050 3962 1225 4020 consulibus
1247 3961 1323 4020 alios
1344 3961 1501 4021 suffecisse
1521 3979 1667 4039 suumque
1681 3969 1713 4020 et

381 4052 483 4114 fratris
507 4055 683 4134 dignitatem
710 4059 898 4120 consularem
927 4071 1088 4121 coartasse.
1130 4062 1277 4121 Proxima
1298 4061 1356 4122 duo
1378 4061 1511 4121 nundina
1531 4071 1601 4139 post
1622 4081 1711 4122 suum

383 4150 515 4214 Galbam
531 4157 650 4219 dedisse
672 4161 827 4221 bimestris
842 4161 967 4221 Tacitus
988 4163 1099 4221 diserte
1119 4162 1170 4222 ait.
1206 4161 1256 4223 De
1270 4173 1411 4239 quattuor
1425 4164 1581 4224 mensibus
1596 4173 1712 4240 postre-

379 4255 439 4314 mis
465 4256 538 4332 quid
559 4257 586 4317 is
614 4264 766 4336 statuerit,
793 4280 854 4322 non
876 4264 1023 4336 enuntiat,
1049 4263 1211 4340 possisque
1232 4263 1324 4324 rerba
1344 4263 1474 4324 auctoru
1495 4263 1539 4323 ita
1559 4266 1712 4341 explicare

386 4351 515 4416 Galbam
542 4361 719 4422 consulatus
744 4381 804 4422 non
826 4363 948 4424 dedisse
968 4363 1027 4424 nisi
1048 4364 1086 4422 ad
1107 4363 1185 4442 prid.
1206 4363 1238 4423 lr.
1261 4361 1344 4440 Sept.
1386 4367 1429 4424 At
1449 4383 1515 4425 eam
1536 4365 1713 4442 interpreta-

383 4453 496 4514 tionem
524 4457 591 4532 ipse
616 4460 742 4522 Tacitus
767 4464 879 4524 refutat
904 4464 964 4524 alio
989 4463 1057 4524 loco
1084 4464 1118 4536 2,
1139 4465 1176 4522 71
1207 4465 1360 4524 consulem
1387 4465 1545 4526 nominans
1571 4466 1603 4525 in
1630 4467 1713 4527 bunc

383 4569 494 4614 annum
515 4554 696 4618 destinatum
718 4560 853 4623 aGalba
866 4564 1022 4625 Valerium
1035 4565 1195 4624 Marinum.
1230 4565 1330 4625 Etiam
1352 4565 1404 4624 alii
1425 4567 1485 4625 duo
1507 4567 1596 4626 simul
1618 4568 1711 4626 nomi-

383 4653 447 4711 nati
467 4655 600 4716 Marcius
620 4660 723 4720 Macer
744 4673 774 4722 st
794 4663 947 4726 Pedanius
969 4663 1065 4726 Costa
1091 4665 1261 4746 pariterque
1286 4677 1377 4744 atque
1399 4665 1534 4726 Marinus
1556 4666 1712 4727 sVitellio

383 4754 497 4814 bonore
518 4755 618 4816 loturo
639 4761 749 4837 privati
769 4763 846 4824 inter
867 4767 1006 4828 consules
1028 4767 1139 4827 moritu
1160 4755 1350 4852 necessc'e'st
1365 4787 1384 4826 a
1398 4765 1499 4827 Galba
1513 4775 1564 4826 aut
1578 4767 1711 4827 retentos

384 4865 438 4914 aut
463 4856 576 4928 fact0s3
602 4879 670 4920 nam
692 4862 841 4924 Othonem
864 4887 883 4926 a
904 4867 1076 4928 oonsulibus
1098 4869 1234 4928 creandis
1254 4869 1439 4944 abstinuisse
1459 4868 1548 4926 modo
1570 4868 1710 4927 vidimus.

383 4953 524 5032 Denique
538 4955 574 5020 0.
591 4959 747 5035 Quinctius
762 4967 894 5040 Atticos,
916 4969 968 5046 qui
990 4969 1089 5030 lassas
1111 4969 1207 5049 gessit
1229 4969 1319 5028 buius
1342 4958 1536 5032 anni'mense
1550 4967 1711 5029 Decembri

383 5054 523 5146 (Tacitus
546 5061 579 5132 ³,
596 5063 634 5121 73
647 5063 741 5141 seq.),
769 5067 934 5128 credendus
960 5077 1007 5128 est
1032 5077 1063 5129 et
1087 5071 1154 5147 ipse
1176 5071 1347 5129 nominatus
1369 5085 1436 5129 esse
1457 5089 1477 5128 a
1498 5067 1613 5140 Galba,
1640 5087 1712 5128 nam

383 5155 410 5213 si
432 5155 574 5222 Vitellius
594 5181 661 5222 curn
683 5177 816 5228 creasset
836 5169 866 5229 in
888 5169 986 5229 locum
1009 5168 1087 5230 alius
1108 5171 1255 5248 designati
1277 5189 1296 5228 a
1318 5167 1426 5242 Galba,
1450 5170 1516 5230 sine
1537 5169 1628 5230 dubio
1651 5169 1711 5228 Ta·

383 5255 459 5316 citus
488 5277 556 5319 eum
584 5264 680 5327 tribus
705 5265 827 5344 reliquis
849 5269 1006 5330 sVitellio
1028 5271 1115 5332 lactis
1136 5271 1334 5333 adiunxisset.
1363 5269 1436 5358 ¹llis
1457 5270 1564 5349 positis
1587 5279 1712 5349 apparet
