3750 5990
395 568 486 685 201Ι
967 585 1148 638 mommsen
1194 663 1198 672 Ι

393 763 432 822 iis
460 761 512 838 qui
537 761 569 818 in
594 758 653 818 tide
679 757 883 816 1111111111
909 767 1115 816 remanserant
1140 757 1261 835 (Polyb.
1289 757 1395 832 11,1;
1421 759 1488 819 111.
1511 759 1562 832 42,
1585 761 1636 832 43,
1657 761 1723 838 44),

396 863 492 922 multo
512 860 609 938 magis
630 861 662 918 in
683 857 721 916 iis
743 857 794 934 qui
816 858 1005 916 desciverant
1026 859 1179 918 observari
1204 861 1318 932 debuit,
1345 863 1448 936 itaque
1468 879 1535 918 cum
1558 859 1724 920 Coronaeis

396 971 495 1024 actum
524 979 593 1021 esse
616 959 722 1020 Livius
748 959 791 1016 ait
818 959 882 1033 (43,
904 960 934 1030 4,
962 958 1029 1034 ll).
1072 959 1154 1035 Quid
1178 969 1276 1020 aetum
1297 963 1338 1022 sit
1364 981 1433 1020 cum
1454 950 1625 1034 Thisbaeis,
1646 963 1726 1021 bona

395 1065 516 1122 fortuna
546 1064 606 1121 iam
637 1060 877 1136 recuperavimus
909 1061 988 1117 nacti
1015 1063 1277 1120 senatusconsulta
1302 1063 1362 1121 duo
1394 1063 1432 1121 de
1457 1061 1617 1122 Thisbaeis
1645 1063 1727 1122 lacta

398 1155 526 1226 alterum
548 1164 577 1222 1.
599 1161 667 1222 Oet.
690 1162 720 1233 9,
742 1161 868 1219 alterum
891 1159 1004 1220 1011.
1022 1161 1060 1219 14
1080 1181 1107 1220 a.
1125 1163 1195 1232 584,
1214 1162 1314 1222 idest
1334 1181 1413 1222 anno
1433 1163 1496 1222 lere
1516 1173 1588 1239 post
1607 1163 1726 1224 deditas

396 1267 537 1328 Thisbes.
585 1263 686 1323 Verba
710 1263 844 1320 iecerunt
869 1261 900 1318 in
933 1271 1059 1338 utraque
1090 1263 1206 1322 actione
1234 1264 1395 1336 Thisbaei,
1426 1265 1545 1323 scilicet
1568 1263 1727 1324 Romanae

395 1369 490 1448 pertis
516 1365 664 1445 principes
689 1363 817 1422 Romam
845 1362 979 1438 proiecti.
1023 1363 1089 1422 Illis
1111 1360 1201 1440 igitur
1222 1373 1360 1437 senatus,
1388 1373 1421 1424 ut
1440 1365 1539 1438 aiunt,
1568 1365 1657 1424 datus
1679 1373 1729 1424 est

396 1490 415 1530 a
437 1469 475 1545 Q.
498 1467 618 1530 Maenio
638 1471 786 1542 praetore.
830 1463 909 1522 Nam
931 1465 1089 1523 consulere
1110 1473 1256 1536 senatum,
1281 1465 1314 1523 id
1335 1475 1382 1524 est
1403 1485 1510 1544 cogere
1532 1485 1609 1538 eum,
1635 1473 1667 1523 et
1689 1465 1727 1524 ad

401 1590 468 1630 eum
483 1569 603 1642 referre,
618 1567 649 1626 id
670 1576 718 1626 est
731 1565 768 1624 de
783 1564 910 1642 singulis
931 1565 1023 1624 rebus
1038 1567 1203 1624 sententies
1224 1568 1382 1644 exquirere
1400 1577 1435 1626 ut
1454 1567 1647 1645 magistratus
1669 1575 1727 1636 est,

396 1676 440 1734 111
462 1671 553 1730 verba
573 1669 671 1727 lacere
691 1674 819 1743 possunt
839 1665 871 1722 11
893 1673 999 1724 senatu
1015 1665 1194 1743 quicumque
1216 1678 1269 1726 aut
1288 1668 1319 1726 in
1334 1675 1441 1727 senatu
1461 1679 1534 1727 suut
1554 1678 1606 1727 aut
1626 1681 1728 1727 certae

396 1777 440 1835 rei
462 1789 556 1834 eausa
575 1770 607 1828 in
628 1787 697 1828 eum
717 1773 871 1838 vocantur,
892 1775 925 1824 ut
946 1767 1131 1855 sollemniter
1147 1767 1239 1845 legati
1260 1787 1363 1844 regum
1381 1769 1620 1846 populorumque
1642 1778 1726 1828 exte·

396 1895 499 1938 rorum
524 1875 555 1932 in
577 1879 711 1932 senatum
733 1867 962 1926 introducuntur
983 1867 1064 1944 (111.
1087 1867 1134 1940 10,
1155 1869 1205 1940 45,
1226 1869 1255 1927 4.
1279 1869 1329 1941 40,
1353 1868 1404 1942 20,
1428 1871 1454 1928 1.
1477 1870 1528 1943 43,
1551 1869 1580 1943 2,
1604 1873 1618 1928 1
1644 1870 1726 1946 cet).

397 1976 541 2039 Similiter
566 1975 597 2032 in
623 1979 743 2030 senatus
766 1968 900 2028 consulto
927 1969 964 2027 de
985 1967 1159 2027 Tiburtibus
1185 1969 1257 2044 (rol.
1280 1969 1297 2026 I
1318 1989 1348 2046 p.
1372 1969 1446 2045 107)
1474 1971 1565 2030 verba
1591 1971 1727 2029 lecerunt

397 2078 551 2148 Tiburtes,
572 2075 703 2148 itemque
724 2071 755 2130 in
778 2077 899 2129 senatus
921 2068 1066 2127 consultis
1088 2069 1203 2128 duobus
1223 2069 1260 2129 de
1274 2069 1394 2128 ludaeis
1414 2071 1502 2130 saetis
1523 2070 1658 2146 (Ioseph.
1677 2071 1725 2140 13,

398 2179 428 2250 9,
450 2176 480 2234 2.
498 2177 546 2246 14,
563 2174 592 2244 8,
607 2175 641 2246 5)
662 2173 755 2230 verba
773 2171 881 2230 iecisse
896 2169 1033 2228 dicuutur
1052 2168 1143 2246 legati
1161 2170 1265 2248 populi
1280 2169 1472 2244 Iudaeorum,
1493 2190 1618 2248 quorum
1635 2171 1725 2229 etiam

396 2279 520 2340 uomina
550 2282 710 2352 ponuntur.
757 2271 865 2347 Legati
893 2279 991 2329 autem
1019 2289 1087 2330 oum
1117 2271 1222 2348 populi
1253 2273 1371 2348 regisse
1403 2271 1452 2331 sui
1482 2273 1604 2330 nomine
1634 2273 1726 2331 rerba

396 2378 517 2450 iaciant,
538 2375 569 2433 id
584 2373 664 2451 quod
678 2371 859 2442 conceditur,
881 2390 1064 2448 quamquam
1084 2371 1123 2428 iis
1137 2371 1190 2446 qui
1205 2373 1297 2431 verba
1310 2373 1445 2432 iecerunt
1465 2372 1587 2431 concedi
1606 2371 1725 2444 dicitur,

397 2499 466 2540 rere
481 2475 652 2538 conceditur
664 2471 777 2552 populo
793 2470 893 2547 regive
907 2471 946 2542 ei,
966 2471 1018 2547 qui
1032 2471 1101 2530 illos
1121 2471 1242 2550 legavit,
1264 2482 1298 2531 ut
1317 2473 1366 2532 hic
1388 2473 1536 2532 universis
1551 2473 1726 2544 Thisbaeis,

396 2582 447 2659 qui
470 2579 589 2658 quidem
610 2573 825 2634 remansissent
849 2571 880 2629 11
901 2571 1105 2631 Romanorum
1131 2573 1271 2632 amicitia.
1313 2573 1408 2632 Iidem
1433 2581 1504 2632 suut
1528 2574 1650 2650 opinor,
1672 2574 1724 2649 qui

397 2702 426 2742 v.
442 2681 481 2742 to
504 2678 693 2758 appellantur
714 2664 851 2752 φυγάδες
865 2679 896 2732 et
908 2663 1068 2745 αὐτὸμολοι,
1089 2693 1159 2732 uam
1172 2691 1241 2732 cum
1255 2673 1400 2734 Thisbaei
1422 2685 1452 2733 et
1464 2675 1593 2734 Romani
1614 2675 1723 2734 bellum

365 2789 371 2799 '
396 2786 474 2843 iuter
500 2798 534 2840 se
560 2778 741 2858 gessissent,
767 2792 854 2834 nemo
880 2773 999 2832 illorum
1025 2773 1056 2831 in
1083 2773 1215 2832 amicitia
1239 2773 1378 2834 Romana
1401 2777 1567 2852 permansit
1587 2777 1646 2835 uisi
1672 2777 1723 2853 qui

396 2884 479 2945 exilii
500 2898 594 2941 111111
615 2879 713 2938 solum
734 2875 874 2934 vertisset
900 2884 931 2932 et
956 2874 1020 2962 sive
1045 2881 1114 2932 ante
1135 2874 1248 2933 bellum
1270 2875 1335 2934 sire
1355 2895 1409 2954 per
1429 2877 1541 2936 bellum
1562 2877 1600 2936 sd
1620 2877 1724 2936 hostes

394 2983 617 3060 transfugisset

477 3084 585 3142 Priore
613 3087 734 3140 senatus
766 3077 902 3138 consulto
927 3077 1101 3153 rogantibus
1129 3076 1290 3137 Thisbaeis
1316 3077 1355 3136 iis
1385 3078 1436 3155 qui
1462 3079 1496 3137 in
1519 3078 1724 3139 Romanorum

396 3184 529 3243 amicitia
548 3181 743 3248 mansissent,
770 3187 803 3236 ut
823 3178 952 3236 Romani
979 3195 1028 3236 res
1048 3178 1183 3254 ipsorum
1210 3179 1392 3238 ordinandus
1418 3179 1450 3238 in
1476 3197 1507 3238 11
1528 3181 1724 3258 susciperent,

402 3281 584 3350 decernitur,
615 3287 649 3336 ut
680 3277 812 3353 quinque
847 3278 937 3354 legati
964 3296 1000 3336 eo
1031 3280 1219 3336 mitterentur
1243 3279 1282 3336 ad
1314 3297 1364 3337 res
1396 3278 1614 3339 Thisbaeorum
1648 3281 1726 3340 ordi-

397 3383 521 3444 nandas.
554 3378 634 3438 Nam
655 3379 700 3438 sic
721 3379 813 3436 verba
834 3397 939 3453 parum
961 3377 1107 3436 concinna
1127 3379 1192 3436 aine
1213 3379 1303 3438 dubio
1324 3379 1524 3458 intellegenda
1545 3389 1623 3438 sunt.
1658 3371 1724 3463 Περὶ

397 3473 435 3543 ὧν
456 3481 610 3544 sollemnis
630 3477 834 3556 interpretatio
862 3483 908 3535 est
928 3476 1064 3536 vocabuli
1086 3476 1188 3536 Latini
1209 3481 1301 3555 quod,
1327 3498 1387 3556 quo
1412 3481 1512 3556 posito
1538 3499 1577 3539 ex
1597 3479 1723 3540 Graecis

396 3603 471 3644 sane
496 3579 677 3659 perturbatis
710 3569 771 3660 aspi
799 3565 837 3634 ὧν
861 3570 967 3651 λόγους
992 3567 1159 3649 ἐποιήσαντο
1187 3570 1248 3662 περὶ
1271 3582 1328 3638 τῶν
1357 3575 1532 3662 πραγμάτων
1558 3581 1725 3657 procedunt

397 3684 490 3744 verba
510 3681 598 3760 plane
619 3678 729 3738 Latina
753 3677 831 3754 quod
855 3679 878 3734 it
898 3678 985 3736 verba
998 3681 1128 3753 fecerunt
1155 3683 1189 3739 de
1209 3681 1302 3740 retus.
1351 3680 1495 3742 Similiter
1521 3673 1582 3765 περὶ
1604 3683 1650 3742 bis
1669 3701 1724 3760 po·

396 3786 485 3845 situm
507 3801 613 3862 parum
629 3779 744 3840 Graece
765 3777 842 3836 redit
862 3785 969 3856 postea
989 3797 1017 3837 v.
1042 3779 1078 3836 17
1101 3789 1132 3838 11
1153 3780 1191 3839 46
1214 3789 1243 3840 et
1264 3781 1337 3839 alibi
1358 3783 1483 3858 passim.
1518 3784 1570 3842 Ad
1590 3783 1621 3841 id
1643 3785 1724 3860 quod

394 3885 546 3965 praecedit
567 3874 688 3948 Orrsssie
715 3879 900 3940 adnectenda
925 3889 994 3938 suut
1015 3880 1106 3938 verba
1131 3898 1207 3956 quae
1232 3889 1398 3957 sequuntur
1418 3873 1515 3944 οἵτινες
1535 3881 1564 3940 ἐν
1584 3885 1619 3960 τῇ
1639 3877 1724 3960 petie

393 3989 430 4066 τῇ
447 3976 564 4070 {arripe
584 3979 730 4052 ictericae.
775 3977 864 4052 Quod
891 3981 1025 4056 sequitur
1049 3981 1172 4057 petitum
1194 3980 1427 4041 Thisbaeorum:
1454 3971 1725 4067 1111113τοῖ1ιὸρὲ

394 4085 490 4146 Sucro
511 4085 550 4148 εἰς
577 4079 615 4142 roi
640 4078 714 4142 καθ’
741 4075 845 4140 adroic
871 4069 1027 4162 πράγματα
1054 4071 1271 4157 ait-affuturas,
1298 4083 1341 4141 ita
1366 4083 1572 4160 accipiendum
1599 4092 1661 4156 est,
1690 4093 1725 4142 ut

394 4180 474 4247 circi
495 4205 556 4248 non
576 4185 615 4245 ad
635 4185 773 4260 proxime
786 4179 996 4260 praecedentia
1017 4180 1170 4255 referatur,
1193 4182 1247 4241 sed
1268 4183 1440 4242 vertendum
1462 4183 1501 4242 sit
1521 4187 1588 4260 ipsi,
1610 4185 1726 4242 scilicet

394 4299 519 4350 senatus
533 4287 697 4348 Romanus.
733 4281 781 4342 Ne
802 4281 937 4358 requiras
960 4271 1186 4356 εἰσηγησώμεθα
1200 4291 1323 4360 propter
1343 4284 1436 4342 verba
1456 4303 1534 4360 quae
1556 4293 1724 4360 sequuntur

394 4388 412 4460 ἦ
437 4382 522 4466 φιλία
546 4383 562 4457 ἦ
589 4377 720 4468 ἡμετέρα,
746 4383 878 4442 amicitia
903 4381 1084 4458 intellegitur
1110 4371 1216 4459 populi
1242 4383 1385 4456 Romani,
1412 4393 1596 4444 correctores
1622 4395 1722 4444 autem

394 4495 537 4566 petuntur
558 4505 577 4544 a
597 4492 713 4545 senatu.
749 4481 819 4541 Non
839 4491 919 4540 recte
939 4483 1032 4559 igitur
1045 4481 1214 4541 Foucartus
1236 4493 1327 4560 caput
1346 4485 1390 4543 ita
1410 4485 1512 4543 vertit:
1543 4485 1723 4544 considerant

395 4607 450 4666 que
472 4587 513 4668 les
534 4581 1244 4658 1111111111111111119111111111111111111
1269 4586 1290 4642 d
1315 4586 1525 4657 1111111111,
1552 4585 1590 4643 ile
1612 4587 1725 4644 1111111

394 4690 518 4765 pcuooa'r
533 4701 677 4763 proposer
704 4683 743 4740 lea
769 4700 882 4759 megene
909 4682 1190 4742 occultantem
1214 4684 1330 4758 affairea
1354 4686 1534 4757 iote'rteurea3
1561 4705 1630 4744 nam
1657 4686 1723 4744 eius

395 4787 476 4847 modi
497 4784 636 4864 petitioni
656 4799 842 4860 nequaquam
864 4768 1026 4860 respondet
1049 4783 1130 4860 quod
1152 4784 1284 4844 deceruit
1304 4794 1426 4845 senatus
1446 4789 1616 4861 praetorem
1636 4787 1724 4862 quin·

398 4908 458 4966 que
488 4889 604 4966 legatos
631 4884 852 4944 nominatarum
879 4901 947 4943 esse
972 4901 1007 4942 eo
1035 4883 1203 4945 mittendos.
1253 4883 1377 4964 Semper
1407 4895 1506 4946 autem
1538 4885 1570 4943 in
1601 4893 1723 4945 senatus

396 4989 534 5050 consulto
555 4987 653 5048 verbis
673 5003 751 5063 quac
771 4983 847 5043 fiunt
871 4984 1015 5062 placitum
1040 4984 1216 5062 respondet,
1242 4992 1276 5046 11
1303 4985 1383 5064 apud
1409 5003 1465 5046 nos
1489 4987 1624 5046 rationes
1644 5004 1724 5062 quse

394 5087 513 5165 legibus
536 5087 723 5164 decretisque
743 5085 973 5164 praemittuntur
992 5085 1069 5162 ipsis
1082 5085 1284 5163 respondeant
1303 5104 1427 5148 necesse
1447 5096 1502 5147 est
1517 5119 1559 5133 -
1581 5077 1723 5147 Ceterum
