3858 5960
408 577 455 648 76
977 590 1159 660 uonqrsnn

405 693 813 706 ——-·———-—·—

403 873 455 924 EX
478 869 745 923 ADh'OTATIONE
763 868 922 917 METELLI
939 867 1048 917 Mnsv
1067 867 1119 916 AD
1139 867 1278 918 CORPVS
1296 865 1442 916 EDITVM
1459 867 1734 921 mocfflaa'vn

749 960 779 1010 F.
797 957 837 1008 ll'
855 958 948 1018 (COD.
966 959 1051 1008 VAT.
1072 959 1154 1018 8495)
1173 957 1393 1010 ADSCRIPTA.

487 1083 554 1144 'Hic
574 1067 651 1143 lib'er
677 1084 852 1158 desumptus
877 1093 924 1140 est
949 1101 988 1140 ex
1012 1081 1090 1139 libro
1116 1081 1282 1138 doctissimi
1307 1082 1484 1157 Mariangeli
1505 1084 1656 1156 documii,
1683 1086 1736 1160 qui

405 1189 463 1245 has
484 1186 694 1263 inscriptiones
717 1202 825 1260 magna
845 1201 912 1240 cum
929 1182 1083 1257 diligentia
1096 1181 1268 1256 exscripsit,
1291 1183 1343 1240 sed
1357 1183 1498 1242 librarius
1515 1185 1639 1243 vitiavit.
1671 1186 1735 1244 alii

405 1299 504 1348 tamen
525 1287 659 1345 tribuunt
680 1303 731 1344 eas
753 1285 910 1343 Albertino
931 1283 1051 1342 cuidam
1073 1282 1261 1353 Florentino,
1283 1284 1335 1359 qui
1356 1284 1567 1360 inscriptiones
1582 1285 1735 1346 Romanas

406 1410 445 1449 ex
466 1389 541 1465 ipsis
564 1388 648 1446 saxis
669 1387 700 1444 in
722 1405 813 1443 unum
835 1385 976 1444 volumen
998 1385 1175 1460 collegerst3
1197 1383 1250 1443 sed
1271 1394 1337 1442 erat
1353 1403 1458 1460 parum
1473 1384 1590 1458 doctus3
1612 1397 1646 1444 ut
1659 1387 1736 1445 mul·

405 1499 453 1549 tas
475 1492 540 1548 siue
561 1489 672 1547 iudicio
694 1489 853 1562 scripsisse
874 1486 1037 1543 verisimile
1056 1485 1201 1556 videatur,
1223 1495 1367 1560 quantum
1389 1505 1428 1543 ex
1449 1487 1660 1562 antiquitatum
1675 1487 1735 1546 Ro-

405 1609 560 1649 manarum
580 1588 683 1647 libello
705 1606 793 1664 quem
815 1587 908 1645 edidit
928 1587 1070 1662 colligere
1090 1604 1261 1662 possumus.
1301 1589 1383 1644 Ante
1403 1588 1483 1644 hunc
1504 1588 1663 1646 nonnullas
1685 1608 1735 1647 ex·

406 1693 570 1768 scripserat
590 1689 735 1760 Blondus‚
757 1689 873 1765 primus
895 1688 1107 1763 antiquitatum
1123 1689 1288 1746 restitutor.
1324 1688 1409 1746 Idem
1423 1688 1591 1747 Laurentiii
1604 1689 1735 1749 Medicas

406 1811 499 1853 suasu
525 1791 675 1868 praestitit
700 1789 854 1848 Iucundos
882 1789 1057 1846 monachus.
1107 1789 1175 1847 Hos
1207 1799 1351 1865 sequutus
1376 1789 1506 1848 Fulvius
1539 1807 1661 1866 quoque
1688 1797 1736 1849 est

406 1904 505 1953 aetate
532 1900 646 1952 nostra.
694 1891 792 1950 Porro
820 1898 919 1948 autem
948 1891 1025 1947 varii
1050 1890 1152 1948 varias
1180 1899 1408 1962 coacervarunt3
1440 1891 1690 1966 quemadmodum
1718 1911 1735 1950 e

405 1995 509 2054 multis
525 1983 747 2068 ¹manuscriptis
773 1991 873 2062 libris,
901 1992 934 2048 in
960 2009 1037 2066 quos
1065 1990 1240 2062 incidimus,
1267 1993 1399 2051 maxime
1428 2011 1466 2050 ex
1487 1991 1616 2068 quodam
1638 1993 1735 2051 cardi·

405 2097 483 2154 aalis
505 2093 670 2170 Carpensis
691 2091 832 2168 codice¹)
854 2100 945 2150 etex
966 2092 1062 2150 altero
1084 2089 1211 2151 Salviati
1232 2093 1393 2151 cardinalis
1404 2092 1435 2168 ¹)
1457 2093 1733 2170 depraehendimus.

406 2198 457 2256 Ex
478 2198 526 2256 his
548 2195 688 2255 omuibus
709 2195 793 2252 libris
815 2193 873 2252 hoc
888 2193 1027 2251 volumen
1048 2193 1215 2251 consectum
1237 2201 1291 2252 est.
1328 2195 1440 2253 Verum
1461 2202 1561 2253 umen
1583 2194 1735 2254 sciendum

406 2311 453 2360 est
477 2299 541 2356 Ioa.
564 2295 747 2366 Camertem,
773 2293 840 2352 Nic.
864 2291 1053 2370 Sipontinum
1079 2303 1111 2353 et
1131 2295 1332 2371 Pomponium
1354 2295 1480 2353 Laetum
1506 2304 1604 2354 aetate
1630 2314 1687 2355 sua
1707 2303 1736 2354 et

406 2407 511 2460 nostra
536 2398 694 2456 Iovianum
715 2396 885 2455 Pontanum
913 2395 1049 2470 aliosque
1075 2395 1244 2471 complures
1273 2396 1445 2454 huiusmodi
1471 2396 1618 2472 quaedam
1645 2397 1738 2473 scrip·

407 2503 495 2572 sisse,
517 2507 547 2556 et
569 2507 601 2555 ut
621 2507 707 2558 erant
727 2496 913 2572 antiquitatis
934 2495 1130 2554 admiratores
1151 2497 1275 2554 maximi
1296 2507 1327 2555 et
1348 2497 1467 2568 aemuli,
1488 2515 1541 2555 eos
1555 2503 1628 2574 puto
1643 2497 1738 2555 multa

407 2603 489 2661 hisce
511 2601 636 2671 similia,
662 2606 694 2655 ut
715 2597 849 2655 indoctos
871 2597 1026 2655 eluderent
1046 2604 1076 2654 et
1097 2597 1201 2656 doctos
1223 2605 1385 2668 tentarent,
1408 2599 1607 2669 confinxisse,
1633 2598 1681 2656 vel
1703 2605 1737 2656 ut

405 2711 523 2782 gentem
550 2702 683 2778 aliquam
710 2707 851 2756 ornarent
878 2698 1067 2774 antiquitatis
1095 2699 1266 2756 testimonio
1293 2699 1342 2756 vel
1368 2699 1429 2756 alia
1457 2699 1495 2756 de
1520 2716 1629 2770 causa;
1656 2699 1736 2774 quod

406 2805 484 2864 ahos
511 2821 630 2880 quoque
657 2809 720 2859 tum
741 2799 857 2858 Romae
879 2808 941 2856 tum
966 2798 1040 2856 alibi
1061 2799 1170 2858 fecisse
1193 2799 1271 2872 scio,
1298 2800 1429 2858 maxime
1449 2801 1480 2856 in
1501 2799 1658 2876 Hispania.
1702 2800 1737 2858 Id

407 2915 506 2965 autem
533 2903 620 2962 facile
645 2909 764 2960 constat
784 2919 824 2958 ex
846 2899 1055 2974 antiquitatum
1075 2901 1151 2958 libro
1172 2899 1353 2978 Ingolstadii
1374 2901 1468 2972 edito,
1494 2901 1578 2958 cuius
1601 2901 1736 2976 archety-

408 3027 481 3085 pum
507 3005 582 3080 (nisi
607 3001 735 3077 fallitur)
762 3001 874 3059 vidisse
900 3017 933 3058 se
955 2999 1111 3059 Bononiae
1137 3001 1289 3060 Antonius
1313 3021 1398 3061 meus
1426 3001 1645 3079 suspicaturi).
1688 3001 1737 3060 De

406 3105 661 3184 Hispaniensibus
682 3121 742 3160 non
763 3101 876 3159 dubito.
913 3099 985 3158 Vidi
1007 3102 1085 3159 enim
1106 3102 1229 3161 Allonsi
1243 3102 1378 3162 Taverae
1393 3103 1524 3181 Hispani
1544 3103 1652 3162 librum
1666 3101 1737 3160 His·

406 3209 581 3285 panicorum
608 3205 857 3281 epigrammatum
882 3201 1020 3260 fictorum
1040 3202 1265 3279 plenissimum,
1294 3222 1420 3279 quarum
1442 3204 1610 3281 partemin
1632 3221 1738 3279 supra·

407 3308 487 3365 dicto
508 3305 610 3364 codice
633 3303 814 3362 Germanico
835 3313 940 3360 extare
961 3320 1021 3362 non
1042 3303 1147 3379 ignoro
1156 3305 1197 3380 ⁴).
1240 3303 1297 3363 His
1326 3305 1419 3380 igitur
1439 3304 1527 3362 fidem
1548 3311 1663 3363 tantum
1684 3305 1737 3361 ha-

407 3409 474 3480 beo,
495 3425 573 3484 quae
594 3404 745 3480 descripta
766 3411 836 3462 sunt
857 3423 896 3462 ex
917 3404 993 3480 ipsis
1015 3405 1110 3476 saxis,
1132 3404 1211 3480 quod
1230 3405 1261 3463 in
1277 3403 1414 3476 Gallicis,
1436 3403 1611 3481 Hispanicis
1634 3415 1664 3464 et
1677 3405 1737 3463 lta·

406 3509 474 3569 licis
495 3508 654 3583 episcopus
675 3504 796 3580 quidam
811 3505 994 3581 Ragusinus,
1015 3506 1067 3581 qui
1082 3505 1197 3563 Romae
1218 3513 1353 3563 mortuus
1375 3514 1421 3562 est
1437 3504 1608 3576 ooDXLV,
1630 3523 1740 3583 magua

407 3608 596 3688 praestitisse
610 3607 764 3684 diligentia
778 3605 940 3682 dicitur⁵):
962 3607 994 3664 in
1008 3606 1153 3664 Romanis
1168 3607 1315 3685 Mariang.
1330 3606 1507 3678 Accursius,
1523 3605 1598 3664 etin
1612 3605 1738 3681 (Roma-

486 3858 510 3919 ¹)
538 3857 606 3908 Vide
624 3871 701 3920 supra
719 3871 745 3920 p.
759 3859 847 3907 70.-
869 3857 988 3907 Ceterum
1001 3858 1133 3907 Manutius
1151 3857 1196 3906 ubi
1213 3858 1276 3907 citat
1287 3857 1380 3907 librum
1394 3857 1559 3923 carpensem,
1579 3873 1631 3907 non
1644 3858 1737 3908 Iucun-

408 3951 513 4002 diauum
531 3949 625 3998 librum
644 3949 779 3999 ahdetello
798 3950 940 4012 expilatam
959 3949 1092 4013 intellegit,
1112 3949 1158 3998 sed
1177 3949 1293 4014 syllogen
1305 3949 1427 4014 scriptam
1440 3949 1539 4010 Smetii,
1559 3963 1633 4014 quem
1647 3955 1736 4000 uotum

319 4053 324 4065 ·
409 4050 448 4093 est
466 4042 591 4093 cardinali
609 4040 723 4091 liudolfo
742 4040 791 4090 Pio
811 4039 888 4104 Carpi
907 4055 953 4105 per
971 4055 994 4090 a
1010 4039 1189 4091 1545-1551
1210 4055 1227 4089 a
1244 4055 1323 4090 manu
1341 4041 1429 4090 luisse.

485 4131 510 4196 2)
537 4135 569 4184 lu
587 4132 676 4182 codice
694 4132 793 4182 Metelli
812 4133 873 4181 Vat.
892 4132 964 4182 6039
986 4139 1045 4196 post
1063 4139 1185 4197 excerpta
1204 4131 1346 4196 Carpensia
1364 4137 1504 4196 sequuntur
1521 4129 1540 4181 i.
1554 4123 1706 4182 sss-329
1716 4145 1737 4180 r.

408 4227 460 4276 alia
475 4216 517 4274 ‘ex
537 4225 594 4274 eod.
614 4223 684 4274 card.
704 4214 831 4275 Salviati'.

486 4314 510 4376 ⁸)
539 4315 715 4378 Archetypum
741 4313 790 4364 hoc
814 4312 883 4378 quod
908 4313 1002 4363 dicitur
1025 4313 1140 4378 syllegae
1159 4313 1280 4379 Apianae
1304 4329 1352 4378 ego
1372 4329 1473 4380 quoque
1493 4313 1546 4362 ridi
1564 4319 1623 4362 ante
1642 4311 1741 4376 aliquot

409 4422 492 4458 annos
510 4406 644 4456 Bononiae
669 4405 841 4454 bibliothecae
859 4404 976 4468 publicae
995 4405 1110 4454 oblatum
1130 4405 1279 4466 emendum;
1305 4413 1331 4453 at
1349 4421 1411 4454 mox
1430 4404 1588 4469 deprehendi
1606 4401 1634 4452 id
1652 4402 1741 4468 paucis

409 4498 484 4547 annis
502 4503 561 4560 post
580 4495 675 4544 editum
697 4496 827 4559 Apiunum
847 4495 940 4557 (1534)
961 4511 993 4545 ex
1012 4497 1068 4560 ipso
1086 4497 1153 4546 libro
1173 4497 1241 4560 typis
1262 4498 1364 4559 vulgato
1383 4497 1539 4560 descriptum
1559 4509 1627 4557 esse,
1653 4499 1681 4542 ut
1699 4507 1738 4543 ar·

408 4587 510 4650 ehetypi
534 4587 644 4650 speciem
668 4600 729 4650 praa
749 4601 776 4635 se
795 4587 881 4636 ferret.
918 4587 1006 4636 Minus
1025 4588 1121 4650 peritos
1139 4587 1215 4636 iacile
1234 4587 1318 4649 fallet;
1341 4587 1413 4636 fraus
1431 4593 1516 4636 tamen
1537 4591 1608 4650 patet
1625 4585 1738 4635 maxime

408 4679 435 4728 in
459 4675 585 4738 hiatibus,
611 4691 675 4741 quos
699 4693 757 4726 cum
777 4677 883 4742 Apiana
901 4678 998 4742 sylloge
1017 4677 1132 4727 indicare
1152 4679 1234 4727 soleat
1251 4678 1340 4727 fractis
1359 4677 1427 4740 typis
1445 4678 1490 4738 iis,
1516 4678 1560 4741 qui
1578 4677 1645 4726 sorte
1664 4682 1738 4739 typo·

408 4769 493 4818 thetae
517 4768 593 4831 primi
616 4783 643 4817 se
667 4767 800 4829 offerrent,
825 4768 852 4817 in
876 4768 965 4818 codice
991 4769 1037 4818 illo
1058 4770 1109 4833 ipsi
1131 4771 1168 4818 illi
1194 4768 1249 4833 typi
1268 4769 1342 4818 tracti
1362 4775 1502 4818 cernuntur
1520 4783 1537 4816 a
1554 4767 1660 4817 librario
1678 4765 1737 4816 reli·

406 4861 479 4925 glore
504 4859 607 4922 depicti.
647 4859 776 4909 Volumen
799 4873 861 4908 num
887 4860 1013 4909 invenerit
1035 4867 1125 4926 postea
1150 4867 1308 4924 emptorem,
1335 4861 1379 4924 qui
1398 4874 1429 4909 eo
1449 4859 1534 4924 decipi
1553 4874 1581 4910 se
1599 4861 1738 4925 pateretur,

407 4951 507 5016 ignoro.

484 5037 509 5102 ⁴)
536 5042 571 5090 V.
590 5039 713 5090 lluebner
731 5039 760 5088 11
777 5055 803 5104 p.
816 5040 852 5090 X.

486 5129 509 5192 ⁵)
537 5131 680 5196 Episcopus
693 5129 838 5194 Rugusinus
850 5131 1001 5196 Pamphilus
1014 5131 1177 5185 Strassoldus
1196 5135 1240 5199 qui
1258 5133 1323 5184 obiit
1335 5133 1434 5184 Romae
1454 5147 1478 5182 a.
1490 5132 1561 5183 1545
1581 5147 1634 5182 uon
1646 5129 1739 5180 litteris

408 5222 508 5285 claruit,
527 5221 574 5274 secl
592 5223 678 5283 armis,
699 5228 821 5288 quantum
842 5222 946 5288 quidem
965 5224 1044 5274 reiert
1061 5225 1190 5277 Parlatiua
1209 5225 1282 5291 illyr.
1302 5239 1368 5278 sacr.
1388 5225 1413 5287 6,
1429 5224 1490 5275 225.
