3858 5960
665 659 964 717 oassavnmouus
982 661 1100 715 arros.
1119 663 1153 714 v.
1498 646 1568 718 127

243 838 445 908 Maximian03
466 835 605 896 illaesum
626 835 771 894 remansit
786 852 927 893 unacum
942 831 1055 893 Chloro
1070 833 1100 892 in
1115 835 1260 896 Africano
1276 856 1305 896 n.
1320 839 1366 912 11,
1390 841 1439 899 ubi
1455 842 1573 902 sublata

242 949 316 1001 sant
336 937 459 998 nomina
479 943 540 996 mm
562 935 747 996 Diocletiani
768 942 799 994 et
819 934 996 994 Maximiani
1017 953 1108 1012 quam
1131 934 1236 997 Severi
1258 947 1287 1000 at
1301 939 1469 1015 Maximini,
1491 953 1520 1003 et
1540 945 1572 1004 in

242 1041 382 1119 Hispano
403 1059 433 1100 n.
450 1039 484 1112 8,
510 1039 562 1098 nbi
591 1037 695 1098 excisa
716 1044 788 1096 sunt
808 1035 930 1095 nomina
951 1035 1131 1096 Diocletiani
1153 1047 1182 1098 at
1202 1040 1388 1100 Maximiani.
1432 1044 1572 1122 Denique

243 1141 349 1204 Severi
363 1147 393 1202 et
407 1139 566 1200 Maximini
586 1138 710 1198 nomina
728 1137 881 1218 perierunt
902 1137 932 1196 in
954 1138 1049 1197 titulis
1072 1139 1190 1199 dnobus
1208 1141 1322 1200 urbano
1343 1163 1372 1203 n.
1387 1145 1423 1202 ll
1447 1153 1478 1205 et
1494 1147 1572 1206 afri-

244 1261 321 1303 cano
342 1262 372 1301 ιι.
390 1241 438 1300 12.

326 1343 426 1402 Erasa
451 1348 523 1404 snnt
547 1341 671 1401 nomina
696 1358 733 1399 ea
753 1340 791 1398 de
816 1339 924 1416 quibus
951 1339 1068 1418 agimus
1094 1341 1125 1400 in
1152 1340 1298 1404 Numidia
1317 1345 1572 1426 Mauretaniisque
1639 1379 1648 1388 ·

245 1461 304 1503 non
331 1451 401 1502 ante
426 1463 453 1502 a.
474 1443 551 1514 3053
581 1460 649 1502 nam
679 1459 788 1502 rasura
812 1441 950 1518 pervenit
973 1459 1034 1500 non
1062 1441 1159 1502 solum
1185 1443 1224 1502 ad
1245 1445 1366 1506 titulum
1393 1467 1423 1506 n.
1445 1449 1463 1508 9
1491 1451 1572 1511 dedi·

243 1553 344 1604 catum
366 1563 393 1604 a.
410 1545 470 1604 303
491 1551 636 1616 exeunte,
662 1542 827 1602 sedetiam
849 1541 887 1601 ad
909 1541 1036 1601 alterurn
1057 1563 1087 1602 n.
1105 1545 1157 1616 ll,
1183 1563 1272 1621 qoem
1293 1556 1419 1624 apparet
1439 1553 1571 1628 positum

244 1663 311 1705 esse
340 1655 412 1722 post
441 1645 658 1704 abdicationem
690 1645 841 1703 seniorum
868 1643 1074 1720 Augustorum
1101 1651 1132 1703 et
1158 1647 1338 1716 creationem
1365 1651 1572 1727 Augustorum

245 1744 417 1806 Constantii
438 1754 467 1806 et
489 1745 618 1818 Galerii,
641 1743 806 1806 Caesarum
828 1741 932 1804 Severi
954 1751 985 1802 at
1005 1745 1177 1820 Maximini,
1203 1765 1280 1824 quae
1301 1750 1381 1810 iacta
1401 1761 1448 1812 est
1468 1773 1496 1813 a.
1511 1755 1570 1814 305

244 1847 275 1905 lr.
298 1847 395 1926 April.
410 1879 452 1892 -
478 1847 514 1906 Ιιι
534 1847 607 1921 urbe
629 1847 710 1906 idem
730 1845 839 1904 accidit
859 1855 938 1904 certa
959 1862 1019 1903 non
1041 1847 1190 1907 anteriore
1211 1859 1357 1927 tempor03
1379 1829 1453 1912 nam*
1469 1855 1572 1914 titulus

245 1949 342 2020 n.10,
368 1950 420 2024 qni
447 1948 566 2008 lituram
591 1963 754 2026 perpessus
779 1953 842 2020 est,
873 1945 1028 2007 dedicatus
1054 1954 1101 2008 est
1127 1949 1229 2009 ason
1251 1953 1299 2010 vel
1320 1953 1390 2012 306.
1434 1954 1572 2032 Denique

246 2047 384 2109 Gallicus
405 2070 435 2109 ιι.
453 2047 490 2107 13
513 2049 651 2108 similiter
672 2065 777 2108 erasus
798 2047 914 2124 positus
936 2057 983 2106 est
1003 2048 1081 2107 inter
1102 2067 1129 2108 a.
1146 2050 1206 2110 306
1222 2058 1252 2111 et
1267 2051 1337 2112 308.

328 2149 431 2210 Causa
445 2150 551 2209 harum
565 2149 722 2210 liturarum
737 2167 885 2226 quaenam
899 2147 998 2220 luerit,
1015 2151 1218 2226 quaerendum
1233 2163 1379 2231 superest.
1414 2156 1573 2220 Renierins

244 2251 325 2327 quod
347 2249 475 2310 coniecit
495 2251 529 2328 (l.
544 2270 570 2311 c.
592 2251 630 2309 sd
651 2269 680 2310 n.
697 2250 730 2327 9)
752 2268 812 2308 non
833 2251 1012 2310 auctoritate
1033 2252 1156 2328 publica
1175 2254 1296 2314 nomina
1316 2255 1370 2315 illa
1384 2256 1483 2318 deleta
1496 2277 1573 2333 esse,

247 2352 301 2410 sed
322 2351 391 2410 odio
412 2349 654 2412 Christianorum
675 2352 757 2428 quod
778 2358 847 2429 post
868 2349 1057 2411 Constantini
1080 2353 1236 2414 victoriam
1258 2355 1288 2414 in
1311 2357 1416 2418 Africa
1435 2360 1574 2420 efferbuit

245 2459 350 2512 contra
373 2454 529 2530 religionis
552 2452 691 2528 antiquae
713 2459 877 2512 sectatores
899 2460 929 2512 et
949 2453 1076 2513 recentis
1098 2464 1319 2530 persecutores,
1341 2469 1420 2518 recte
1442 2460 1572 2522 Rossins

245 2553 361 2627 reiecit3
385 2555 498 2613 nullam
521 2555 600 2612 enim
622 2553 759 2612 novimus
781 2553 929 2612 eiusmodi
950 2554 1111 2613 memoriae
1133 2555 1354 2616 damnationem
1376 2559 1434 2619 nisi
1455 2562 1574 2638 publice

245 2655 357 2713 iussam
383 2673 479 2732 neque
505 2653 660 2732 probabile
688 2661 735 2713 est
761 2653 1001 2714 simils'faciuus
1026 2655 1128 2732 perlici
1150 2657 1284 2732 potuisse
1305 2660 1423 2734 privato
1445 2662 1573 2721 consilio

246 2753 496 2816 Christianorum.
539 2755 606 2834 Ego
634 2753 715 2832 quod
735 2755 880 2832 proposui
903 2755 1022 2813 titulum
1045 2754 1298 2832 Ostipponensem
1321 2759 1467 2819 adnotans
1489 2762 1598 2831 abdi·¹

245 2857 390 2916 nationem
417 2856 599 2918 Diocletiani
628 2863 658 2914 et
683 2855 860 2915 Maximiani
893 2855 924 2914 in
950 2856 997 2914 his
1024 2855 1160 2933 partibus
1186 2857 1359 2935 longinquis
1386 2861 1430 2918 ita
1455 2879 1572 2938 perere·

245 2958 362 3031 baisse,
389 2967 422 3018 ut
442 2957 473 3016 vi
499 2957 628 3035 depositi
653 2957 750 3034 magis
772 2955 962 3016 crederentur
982 2975 1072 3032 quam
1095 2956 1223 3018 honesta
1244 2961 1345 3036 specie
1365 2951 1487 3036 remoti,
1512 2965 1572 3024 iam

245 3059 387 3137 intellego
413 3059 537 3118 refutari
565 3059 700 3117 erasione
726 3057 879 3116 nominum
902 3055 1017 3117 Galerii
1043 3055 1148 3119 Severi
1168 3059 1341 3134 Maximini,
1366 3081 1455 3138 quam
1482 3065 1574 3126 simul

246 3159 354 3218 iactam
379 3177 447 3218 esse
469 3177 556 3218 nemo
577 3159 665 3218 facile
686 3159 815 3236 negabit.
859 3155 939 3218 Sane
961 3157 1096 3219 Herculii
1118 3179 1225 3220 nomen
1247 3181 1299 3221 cur
1320 3162 1459 3224 abrasum
1483 3166 1523 3225 sit
1544 3174 1575 3226 et

247 3270 354 3338 sponte
380 3267 463 3337 patet
489 3270 519 3318 et
545 3267 646 3319 namet
673 3258 850 3318 Lactantius
878 3261 916 3318 de
944 3269 1031 3320 mort.
1061 3277 1175 3338 perseo.
1203 3280 1228 3320 c.
1249 3261 1303 3320 42:
1333 3266 1427 3325 codam
1454 3277 1575 3344 tempore

246 3360 375 3436 (scilicet
401 3370 469 3436 post
491 3361 611 3420 caedem
633 3360 808 3419 Maximiani
831 3361 958 3420 senioris
980 3381 1006 3420 a.
1022 3345 1052 3440 p'.
1069 3359 1103 3421 C.
1120 3361 1194 3438 310)
1220 3367 1297 3423 senia
1318 3365 1495 3427 Mariniani
1515 3379 1575 3428 ato·

247 3473 311 3522 tuuc
329 3463 507 3522 Constantini
527 3465 608 3520 iussu
627 3463 834 3520 revellebantur
855 3471 883 3520 et
901 3465 1047 3539 imagines,
1070 3463 1236 3539 ubicumque
1257 3463 1335 3540 (cod.
1357 3470 1494 3542 inopinae
1512 3486 1575 3529 cum

247 3563 317 3640 quo)
336 3563 431 3638 pictas
453 3573 533 3634 esset,
554 3562 791 3622 detrahebantur.-
811 3571 839 3622 et
854 3566 923 3639 quic
938 3582 1016 3622 senec
1032 3565 1113 3624 ambo
1127 3565 1212 3624 simul
1221 3565 1388 3642 plenamque
1397 3571 1470 3644 picti
1483 3579 1575 3642 nant,

247 3673 273 3722 et
285 3667 424 3740 imuqinea
437 3663 523 3722 simul
536 3663 747 3740 deponebantur
760 3664 913 3722 amborum.
940 3663 1042 3739 Itaque
1056 3663 1161 3740 (immo
1174 3666 1272 3744 idque)
1288 3685 1349 3726 cam
1362 3670 1470 3729 videret
1484 3667 1574 3744 (Dio-

246 3763 405 3839 cletianns)
424 3767 517 3836 ciuus,
540 3767 619 3840 quod
633 3765 708 3824 nulli
720 3781 854 3841 umquam
868 3767 1069 3840 imperatorum
1084 3768 1237 3838 candeat,
1256 3770 1431 3827 moriendum
1445 3770 1500 3828 sibi
1513 3789 1574 3830 esse

225 3883 229 3890 ’
247 3866 377 3924 &creuit
409 3865 509 3923 Etiam
524 3865 675 3926 Eusebius
690 3865 735 3924 sic
749 3865 854 3924 scribit
864 3863 908 3939 ¹):
925 3853 1034 3945 πρώτου
1050 3853 1149 3920 τούτου
1166 3865 1370 3943 (Maximiani)
1385 3863 1438 3929 uic
1452 3859 1495 3928 ini
1510 3873 1576 3947 τιμῇ

247 3959 368 4049 γραφὰς
389 3957 559 4051 ἀνδριάντας
583 3987 615 4024 τε
639 3955 688 4024 ucri
709 3959 765 4023 dra
787 3966 905 4021 τοιαῦτα
927 3961 973 4019 ἐπ’
996 3954 1134 4020 civo-Siras
1157 3957 1312 4033 νενόμισται
1334 3963 1372 4027 uis
1393 3959 1505 4026 riveriae
1526 3960 1574 4025 nni

249 4059 488 4132 δνσσιβιπιίτον
513 4060 670 4151 καθῄρουν.
714 4067 757 4126 At
783 4065 821 4125 ad
842 4064 1004 4124 Africanos
1027 4063 1130 4122 titulos
1152 4065 1273 4141 proprie
1294 4067 1368 4124 haee
1389 4084 1450 4126 non
1470 4085 1575 4143 perve-

249 4167 348 4240 niunt;
369 4185 405 4227 eo
426 4169 505 4230 enim
526 4175 657 4246 tempore
679 4187 740 4244 qno
755 4165 971 4226 Constantinus
986 4165 1163 4225 Maximiani
1186 4165 1314 4226 senioris
1337 4173 1454 4226 statuas
1470 4169 1575 4226 revelli

247 4268 345 4341 iussit,
367 4269 472 4328 Africa
492 4287 553 4328 non
574 4271 634 4345 ipsi
655 4271 789 4346 parebat,
812 4267 866 4326 sed
887 4275 939 4326 aut
959 4265 1115 4325 Maxentio
1135 4273 1187 4324 aut
1203 4266 1380 4326 Alexandro
1403 4266 1529 4342 (Zosim.
1545 4267 1574 4342 2,

251 4369 453 4446 lt.13.14).
497 4368 597 4429 Huius
623 4371 719 4448 ipsius
746 4355 913 4428 Alexandri
940 4369 1026 4426 iussu
1052 4366 1236 4426 Diocletiani
1261 4367 1436 4426 Maximiani
1459 4367 1576 4429 Galerii

248 4477 363 4530 statuas
390 4471 525 4530 sublatas
552 4489 620 4530 esse
646 4470 755 4529 conicit
782 4471 927 4542 Rossius,
959 4469 1064 4528 Chlori
1085 4469 1207 4527 relictas
1234 4476 1336 4546 utpote
1362 4478 1432 4528 ante
1457 4471 1576 4529 mortni.

249 4569 309 4632 Sed
330 4591 392 4630 non
414 4572 488 4630 satia
509 4571 701 4648 intellegitur,
723 4589 813 4646 quam
835 4571 873 4629 ob
895 4589 957 4628 rem
972 4569 1147 4628 Alexander
1167 4579 1227 4628 tam
1250 4569 1367 4630 infenso
1389 4571 1488 4629 animo
1510 4590 1577 4648 per·

249 4681 369 4730 secutus
396 4673 436 4730 sit
457 4673 652 4747 imperatores
674 4691 743 4742 eos,
770 4672 822 4747 qui
844 4681 896 4730 aut
916 4688 1043 4746 regnare
1064 4670 1226 4729 desiissent
1246 4677 1299 4729 aut
1320 4679 1400 4730 certe
1421 4689 1487 4730 cum
1510 4672 1577 4747 ipso

248 4792 310 4832 rem
337 4791 398 4832 non
420 4773 572 4832 baberent.
616 4772 717 4848 Quare
736 4775 832 4849 magis
855 4773 1031 4832 crediderim
1053 4781 1220 4832 statuarum
1242 4790 1345 4830 earum
1365 4791 1420 4850 per
1441 4772 1575 4830 Africam

326 5021 350 5084 ¹)
379 5023 446 5074 liist.
467 5025 557 5075 eccles.
578 5027 602 5087 3,
619 5026 652 5076 13
676 5025 818 5090 iisdemque
842 5025 896 5076 iera
916 5025 999 5076 verbis
1024 5024 1069 5075 vit.
1090 5024 1179 5074 Coust.
1200 5025 1224 5085 1,
1239 5025 1283 5074 4⁷.
1322 5019 1466 5073 Coniundit
1489 5027 1580 5072 strator

247 5113 366 5178 imperita
390 5114 580 5165 Maximianum
603 5116 730 5166 seniorem
754 5123 779 5166 et
799 5115 973 5168 Maximinum
996 5116 1110 5178 Daaam3
1136 5115 1182 5165 sed
1206 5113 1240 5164 sd
1262 5115 1335 5164 illum
1360 5111 1488 5179 pertinere
1513 5125 1579 5177 quae
1671 5119 1676 5128 ⁴

248 5211 386 5255 narrantur
404 5207 467 5256 satia
486 5213 594 5258 constat.
631 5205 731 5258 Eadem
745 5207 872 5258 Licinium
890 5208 983 5260 decime
1001 5209 1027 5259 ia
1047 5207 1162 5274 partibus
1181 5204 1295 5257 Οιὶειιιὶι
1314 5205 1415 5256 devicto
1433 5203 1579 5256 Maximino

247 5294 304 5345 insa
323 5301 443 5347 narratur
460 5297 520 5348 hist.
539 5298 601 5349 eccl.
620 5299 705 5361 3,11.
