3750 5990
587 515 886 575 ousaavsrrouus
904 516 1022 570 artua.
1041 519 1102 568 xv.
1434 499 1505 571 291

180 694 213 754 in
227 705 345 771 portum
360 693 601 774 Thespiensium,
617 693 668 769 qui
682 697 854 751 manserant
867 688 898 746 in
913 688 1056 746 societate
1070 687 1207 746 Romana
1218 687 1340 766 (Polyb.
1357 689 1406 761 27,
1421 693 1446 763 1,
1465 693 1507 769 1).

183 795 213 852 A
241 793 356 854 Creusa
383 805 413 855 et
439 798 506 873 ipse
533 794 704 854 Haliartum
731 809 764 850 se
789 789 929 860 contulit,
959 788 1008 846 ubi
1035 787 1156 847 fratrem
1183 791 1315 866 repperit
1339 791 1398 850 ism
1424 796 1508 872 oppi-

183 895 253 954 dum
277 913 450 972 oppugnare
472 903 627 973 parantem
649 894 731 970 (Liv.
753 891 805 962 42,
828 889 892 966 59).
927 889 974 948 Eo
995 889 1025 947 ui
1042 898 1128 966 capto
1151 899 1181 949 et
1195 891 1294 950 diruto
1315 894 1380 952 inde
1398 894 1509 956 Thebae

183 997 286 1054 ductas
308 1001 461 1068 eractura
486 997 588 1073 quibas
616 1000 677 1054 siae
698 995 848 1054 certamine
868 994 986 1066 receptis
1007 991 1101 1048 arbem
1122 993 1244 1052 tradidit
1263 995 1390 1054 caulibus
1412 1005 1439 1054 et
1459 1001 1510 1073 qai

183 1097 377 1156 Romanorum
398 1103 496 1174 partis
523 1109 619 1169 eram,
652 1099 792 1154 aduersae
813 1095 952 1169 factionis
980 1091 1120 1149 laminam
1141 1094 1347 1172 scutorumque
1372 1102 1448 1174 repis
1475 1117 1510 1157 ac

181 1197 373 1257 Macedonum
391 1201 527 1276 familiae
553 1200 603 1258 aab
626 1215 730 1256 corona
755 1195 889 1254 uendidit.
933 1192 991 1251 His
1016 1195 1104 1268 pestis
1130 1197 1161 1250 ia
1182 1195 1304 1254 Boeotia
1325 1200 1369 1255 ad
1384 1217 1464 1260 mure
1485 1210 1512 1259 ct

182 1299 225 1356 ud
243 1317 330 1360 naves
351 1301 444 1362 rediit.
481 1299 560 1376 (Liv.
580 1298 631 1369 42,
655 1297 704 1368 63,
728 1295 791 1371 12).
833 1295 932 1353 Abest
953 1295 1042 1370 igitur
1063 1293 1101 1355 ab
1123 1297 1303 1368 auctoribus,
1325 1298 1376 1374 qui
1398 1301 1509 1360 bellum
1554 1341 1558 1348 -

182 1398 338 1458 Persicum
362 1411 511 1473 enarrant,
533 1399 613 1475 quod
634 1400 762 1476 legimus
783 1397 815 1454 in
837 1405 960 1453 senatus
982 1395 1118 1453 consulto
1140 1395 1181 1472 (v.
1205 1395 1259 1472 22)
1281 1397 1317 1458 C.
1339 1397 1509 1461 Lucretium

183 1509 284 1558 castra
310 1501 480 1561 admovisse
513 1501 550 1559 ad
578 1500 721 1578 oppidum
748 1497 893 1556 Thisbes.
941 1497 985 1554 At
1010 1494 1158 1572 Polybius
1184 1516 1249 1556 cum
1275 1509 1428 1562 narrasset
1452 1504 1511 1562 tria

184 1602 296 1676 oppida
322 1623 341 1662 a
361 1603 507 1662 Romanis
528 1602 684 1673 deiecisse,
712 1617 785 1658 sune
810 1606 843 1656 ut
863 1597 900 1655 de
921 1596 1058 1656 Haliarto
1080 1607 1109 1656 et
1131 1595 1269 1656 Coronea
1294 1601 1337 1660 ita
1357 1605 1447 1664 etism
1473 1606 1510 1664 de

183 1699 308 1762 Tbisbis
330 1703 403 1778 quid
424 1703 536 1762 sactum
559 1703 600 1761 sit
620 1700 781 1760 memoriae
796 1699 928 1770 tradidit3
950 1697 1056 1757 Livias
1076 1699 1108 1757 id
1129 1701 1265 1760 omittere
1279 1705 1386 1778 potuit,
1407 1723 1509 1780 qnam·

183 1817 272 1878 quam
295 1803 413 1863 videtur
433 1805 463 1863 in
486 1805 626 1863 universa
646 1803 702 1860 hac
723 1801 894 1859 narratione
909 1799 1067 1876 Polybium
1090 1818 1194 1875 presse
1215 1811 1332 1861 secutas
1354 1821 1432 1865 esse.
1468 1808 1511 1866 At

184 1921 330 1978 quaenam
363 1913 410 1962 est
441 1905 495 1962 illa
525 1914 595 1980 post
620 1903 791 1962 Haliartum
823 1911 941 1976 captam
974 1901 1126 1976 expeditio
1158 1901 1303 1962 adversus
1329 1905 1510 1967 Thebanos?

183 2001 292 2062 Nonne
312 2005 403 2062 modo
426 2005 491 2080 (42,
513 2006 562 2064 44.
590 2003 643 2079 46)
672 2003 840 2062 audivimus
866 2001 992 2060 eandem
1014 2001 1132 2060 Livium
1157 2011 1326 2062 narrantem
1349 2006 1511 2068 Thebanos
1611 2007 1615 2014 ’

183 2101 361 2178 decrevisse,
384 2113 417 2164 ut
439 2106 593 2164 tolleretur
613 2105 696 2180 regia
717 2103 854 2175 societas,
876 2111 1014 2161 auctores
1036 2103 1230 2178 paciscendae
1252 2105 1316 2162 eius
1334 2104 1511 2169 Chalcidem

185 2204 223 2262 ad
248 2205 403 2266 Romanos
430 2207 560 2278 misisse,
597 2205 751 2264 Romanos
777 2204 875 2262 laetos
907 2203 939 2261 id
963 2203 1131 2276 audivisse,
1162 2205 1277 2264 Thebis
1305 2226 1359 2284 per
1384 2209 1510 2270 hiemem

184 2323 210 2364 a.
233 2304 326 2366 58213
356 2306 392 2366 P.
418 2305 581 2366 Lentulum
609 2307 774 2383 legatorum
800 2321 891 2362 unum
917 2321 985 2362 cum
1013 2307 1164 2380 praesidio
1191 2306 1315 2364 militam
1337 2308 1511 2370 Italicorum

183 2407 356 2467 consedisse
377 2407 506 2485 indeque
521 2427 591 2466 vere
613 2427 639 2466 a.
656 2406 715 2467 583
739 2425 806 2464 cum
827 2405 933 2464 iisdem
953 2405 1099 2464 militibus
1121 2413 1150 2461 et
1165 2405 1316 2464 iuventute
1330 2407 1511 2470 Boeotorum

183 2505 351 2566 Haliartum
380 2517 583 2586 oppugnatum
611 2509 775 2584 proiectum
804 2523 871 2566 esse
899 2505 939 2581 (c.
963 2507 1012 2576 37,
1044 2505 1070 2562 1.
1099 2523 1125 2562 c.
1149 2505 1199 2573 47,
1225 2505 1271 2564 12.
1303 2525 1328 2565 c.
1352 2507 1401 2578 56,
1425 2510 1454 2568 3.
1477 2513 1511 2586 4)

185 2607 297 2682 oppida
320 2615 418 2666 autem
445 2626 522 2682 qnae
548 2627 614 2666 cum
642 2625 712 2684 rege
739 2615 854 2666 starent
874 2605 1054 2682 praesidium
1083 2604 1121 2662 ab
1148 2622 1183 2662 eo
1208 2607 1406 2683 expetivisse,
1434 2618 1466 2669 ut
1494 2631 1513 2670 a

185 2705 339 2765 Thebanis
362 2724 395 2766 se
416 2707 627 2766 defenderent?
660 2707 746 2782 Quae
768 2715 801 2765 ut
821 2707 927 2764 Livius
950 2724 988 2762 ex
1005 2705 1133 2780 Polybio
1146 2707 1290 2782 sumpsit,
1312 2708 1354 2766 ita
1374 2729 1413 2767 ex
1435 2711 1511 2788 ipsis

186 2805 362 2883 Polybianis
377 2827 454 2884 quae
470 2817 632 2885 supersunt
653 2807 717 2882 (27,
736 2807 766 2882 1)
789 2815 936 2880 quatenus
957 2805 1132 2880 perveniunt
1153 2805 1256 2866 eadem
1271 2808 1403 2868 referunt
1421 2813 1512 2873 etiam

185 2907 364 2968 luculentius
395 2917 425 2966 et
449 2908 585 2986 gravium
611 2907 728 2982 legatos
756 2906 782 2963 is
811 2905 854 2963 ait
877 2923 896 2962 a
917 2904 1070 2964 Thebanis
1091 2906 1200 2964 missos
1226 2926 1307 2980 esse,
1335 2911 1387 2986 qui
1409 2915 1513 2972 arbem

186 3007 333 3068 Romanis
354 3010 559 3084 permitterent
584 3007 748 3082 exulesque
776 3006 961 3065 reducerent.
1004 3005 1099 3064 Iidem
1120 3006 1259 3067 Thebani
1285 3010 1431 3072 adversus
1454 3013 1513 3074 Co·

186 3127 313 3168 ronaeos
343 3107 377 3169 C.
404 3107 553 3168 Licinium
581 3128 619 3166 ex
646 3106 803 3166 Thessalis
830 3107 1052 3166 arcessiveruat
1078 3105 1159 3182 (Liv.
1188 3107 1238 3182 42,
1268 3109 1317 3183 67,
1349 3111 1410 3188 12).
1454 3113 1512 3176 His

185 3210 324 3269 omnibus
351 3229 418 3268 cum
444 3211 611 3290 refragetur
637 3208 718 3286 quod
745 3225 837 3286 supra
860 3207 1029 3266 rettulimus
1052 3205 1085 3265 C.
1108 3207 1280 3270 Lucretium
1305 3215 1439 3273 exercitu
1460 3217 1513 3274 ad·

185 3309 275 3370 ducto
297 3311 420 3371 Thebas
442 3313 590 3390 recepisse
617 3320 648 3370 et
669 3310 808 3369 exulibus
837 3309 939 3368 urbem
961 3307 1135 3380 tradidisse,
1161 3327 1258 3370 nonne
1284 3323 1368 3388 patet
1394 3315 1441 3374 hic
1463 3319 1513 3395 agi

186 3429 247 3470 nou
269 3412 401 3488 deipsis
423 3413 546 3483 Thebis,
570 3413 622 3471 sed
643 3412 681 3470 de
698 3407 919 3469 Pseudothebis
940 3408 1058 3482 iisdem,
1080 3425 1157 3486 quas
1179 3427 1273 3487 supra
1293 3415 1421 3474 vidimus
1443 3435 1514 3476 cou-

186 3513 269 3590 iaugi
291 3531 357 3571 cum
379 3509 519 3572 Coronea
541 3523 571 3570 et
591 3511 746 3579 Haliarto,
773 3527 849 3585 quae
872 3507 993 3568 Thebae
1019 3513 1101 3568 vere*
1114 3520 1183 3570 suut
1203 3511 1354 3574 Thisbes?
1389 3517 1515 3576 Accedit

186 3612 279 3671 aliud.
319 3611 355 3670 C.
381 3610 554 3670 Lucretium
580 3629 646 3668 cum
674 3628 713 3666 ex
739 3608 859 3668 decreto
880 3627 974 3684 nuper
999 3618 1117 3687 reperto
1139 3622 1256 3672 constet
1275 3617 1440 3674 exercitam
1462 3618 1514 3676 ad·

187 3711 310 3770 duxisse
336 3709 482 3780 Thisbes,
515 3728 552 3768 ea
576 3709 729 3785 expeditio
755 3715 824 3767 aute
849 3707 978 3766 Haliarti
1005 3713 1256 3784 oppugnationem
1284 3715 1426 3775 collocari
1453 3735 1514 3776 nou

186 3819 300 3887 potest3
322 3827 392 3868 nam
413 3826 593 3884 quamquam
616 3827 634 3866 a
655 3807 772 3868 Creusa
792 3808 963 3868 Haliartum
985 3808 1180 3884 proficiscens
1203 3811 1334 3872 Thisbas
1357 3814 1439 3872 adire
1460 3833 1514 3891 po·

186 3912 254 3984 tuit,
281 3909 427 3970 Creusam
447 3909 599 3984 proiectus
621 3929 687 3968 cum
710 3928 771 3968 una
795 3910 908 3968 triremi
934 3907 1097 3968 exercitum
1119 3928 1154 3968 eo
1175 3919 1309 3986 tempore
1331 3931 1433 3972 secum
1453 3934 1515 3976 uon

189 4012 301 4071 habuit.
337 4009 497 4070 Exercitus
513 4008 655 4069 Chalcide
676 4011 833 4086 expositus
848 4011 986 4087 primum,
1009 4017 1042 4068 ut
1063 4028 1118 4085 par
1138 4021 1193 4083 est,
1216 4010 1386 4072 Haliartum
1408 4015 1514 4074 ductus

188 4123 245 4185 est,
267 4131 328 4189 qua
348 4117 522 4190 expugnata
542 4129 610 4170 cum
625 4109 799 4171 Coronaeus
820 4111 938 4170 interim
964 4111 1070 4169 consul
1091 4109 1127 4170 P.
1142 4110 1278 4172 Licinias
1300 4133 1339 4173 ex
1352 4115 1516 4176 Thessalia

188 4214 311 4274 veniens
333 4229 494 4290 aggressus
516 4219 597 4272 esset
618 4213 699 4288 (Liv.
716 4211 765 4282 42,
789 4211 838 4283 67,
864 4211 911 4270 12.
933 4213 983 4284 43,
1006 4211 1050 4288 4),
1072 4211 1147 4270 nibil
1169 4221 1324 4288 supererat
1345 4216 1404 4276 nisi
1425 4235 1514 4294 expe·

188 4315 263 4375 ditio
283 4313 428 4372 adversus
443 4313 620 4372 Thisbaeas.
653 4313 702 4372 Ita
723 4314 765 4372 sic
785 4331 905 4389 quoque
926 4311 1118 4371 confirmatur
1135 4333 1211 4390 quae
1232 4315 1280 4373 hic
1300 4317 1381 4393 apud
1394 4316 1516 4378 Liviam

188 4417 226 4477 de
248 4414 361 4474 Thebis
383 4423 553 4484 narrantur,
575 4431 612 4472 ea
633 4413 796 4490 Polybium
818 4414 855 4472 de
876 4412 1002 4474 Tbisbis
1022 4413 1183 4474 rettulisse.
1205 4449 1247 4459 —
1274 4414 1403 4490 Quando
1425 4437 1515 4495 expe·

189 4519 263 4578 ditio
285 4515 429 4575 adversus
452 4514 583 4572 Thisbes
606 4525 748 4590 suscepta
769 4515 819 4586 sit,
846 4523 985 4573 accurate
1006 4514 1124 4574 definiri
1149 4535 1209 4574 nou
1230 4528 1331 4592 potest
1338 4539 1347 4589 ;
1375 4519 1516 4580 sedeam

188 4617 321 4678 Haliarti
342 4615 459 4676 obsidio
481 4635 542 4674 uon
563 4614 722 4674 admodum
744 4615 795 4674 diu
814 4622 967 4692 protracta
985 4632 1053 4676 ease
1074 4617 1210 4684 rideatur
1231 4619 1458 4697 necquicquam
1480 4635 1516 4679 eo

117 4749 124 4756 ·
190 4719 280 4780 ducat
309 4715 480 4777 Lucretium
512 4717 545 4776 in
575 4715 703 4775 hiemem
739 4733 834 4793 usque
866 4716 978 4776 bellum
999 4717 1235 4792 continuarisse,
1262 4719 1457 4796 probabiliter
1477 4720 1516 4779 ad

190 4827 364 4878 autumnum
386 4835 413 4876 a.
437 4818 496 4877 583
518 4817 670 4878 reseretur.

274 4913 365 4990 Quod
384 4917 453 4975 inde
475 4938 493 4976 a
513 4919 661 4996 principio
682 4917 775 4997 legati
795 4917 927 4983 Romani
947 4917 1179 4996 postulaverant,
1201 4925 1235 4977 ut
1255 4917 1369 4978 omisso
1387 4917 1517 4980 Boeoto·

193 5035 258 5076 rum
290 5017 417 5076 concilio
448 5016 704 5096 Boeotarchisque
734 5037 783 5080 res
820 5029 999 5092 tractaretur
1034 5019 1111 5078 inter
1142 5018 1296 5079 Romanos
1329 5027 1359 5078 et
1387 5020 1517 5097 populos

193 5115 338 5177 Boeotiae
364 5117 513 5198 singulos,
539 5121 569 5179 id
596 5140 663 5181 cum
690 5123 784 5184 secuti
806 5133 916 5208 essent
939 5123 970 5182 iu
990 5138 1063 5198 pace
1083 5119 1284 5180 confirmanda
1309 5138 1376 5180 cum
1396 5120 1517 5198 populis
