<?xml version="1.0" encoding="UTF-8"?>
<!DOCTYPE html PUBLIC "-//W3C//DTD XHTML 1.0 Transitional//EN"
    "http://www.w3.org/TR/xhtml1/DTD/xhtml1-transitional.dtd">
<html xmlns="http://www.w3.org/1999/xhtml" xml:lang="en" lang="en">
 <head>
  <title>
</title>
<meta http-equiv="Content-Type" content="text/html;charset=utf-8" />
  <meta name='ocr-system' content='tesseract 3.04.00' />
  <meta name='ocr-capabilities' content='ocr_page ocr_carea ocr_par ocr_line ocrx_word'/>
</head>
<body>
  <div class='ocr_page' id='page_1' title='image "./ephemerisepigra01henzgoog_0225.png"; bbox 0 0 3826 5962; ppageno 0'>
   <div class='ocr_carea' id='block_1_1' title="bbox 436 613 1214 685">
    <p class='ocr_par' dir='ltr' id='par_1_1' title="bbox 436 613 1214 685">
     <span class='ocr_line' id='line_1_1' title="bbox 436 613 1214 685; baseline -0.013 0"><span class='ocrx_word' id='word_1_1' title='bbox 436 613 509 685; x_wconf 78' lang='lat'>202</span> <span class='ocrx_word' id='word_1_2' title='bbox 932 669 936 674; x_wconf 93' lang='lat'>.</span> <span class='ocrx_word' id='word_1_3' title='bbox 986 621 1214 685; x_wconf 82' lang='lat' dir='ltr'>uanovsuou</span> 
     </span>
    </p>
   </div>
   <div class='ocr_carea' id='block_1_2' title="bbox 435 791 1883 1480">
    <p class='ocr_par' dir='ltr' id='par_1_2' title="bbox 435 791 1883 1480">
     <span class='ocr_line' id='line_1_2' title="bbox 435 791 1769 874; baseline -0.006 -14"><span class='ocrx_word' id='word_1_4' title='bbox 435 819 507 862; x_wconf 77' lang='lat' dir='ltr'>roro</span> <span class='ocrx_word' id='word_1_5' title='bbox 532 798 682 858; x_wconf 77' lang='lat' dir='ltr'>flaminica</span> <span class='ocrx_word' id='word_1_6' title='bbox 702 803 848 874; x_wconf 87' lang='lat' dir='ltr'>perpetua</span> <span class='ocrx_word' id='word_1_7' title='bbox 868 793 948 852; x_wconf 84' lang='lat' dir='ltr'>iaetu</span> <span class='ocrx_word' id='word_1_8' title='bbox 969 801 1016 852; x_wconf 89' lang='lat' dir='ltr'>est</span> <span class='ocrx_word' id='word_1_9' title='bbox 1036 792 1223 865; x_wconf 71' lang='lat' dir='ltr'><strong>Tarracone,</strong></span> <span class='ocrx_word' id='word_1_10' title='bbox 1249 799 1410 869; x_wconf 88' lang='lat' dir='ltr'>postquam</span> <span class='ocrx_word' id='word_1_11' title='bbox 1431 791 1573 870; x_wconf 76' lang='lat' dir='ltr'>deinceps</span> <span class='ocrx_word' id='word_1_12' title='bbox 1596 793 1652 853; x_wconf 84' lang='lat' dir='ltr'>luit</span> <span class='ocrx_word' id='word_1_13' title='bbox 1672 793 1769 853; x_wconf 86' lang='lat' dir='ltr'>flami·</span> 
     </span>
     <span class='ocr_line' id='line_1_3' title="bbox 435 890 1769 978; baseline -0.007 -16"><span class='ocrx_word' id='word_1_14' title='bbox 435 905 503 962; x_wconf 81' lang='lat' dir='ltr'>nina</span> <span class='ocrx_word' id='word_1_15' title='bbox 523 918 553 978; x_wconf 87' lang='lat' dir='ltr'>p.</span> <span class='ocrx_word' id='word_1_16' title='bbox 576 896 616 958; x_wconf 86' lang='grc'>11.</span> <span class='ocrx_word' id='word_1_17' title='bbox 632 895 679 970; x_wconf 82' lang='grc'>0.,</span> <span class='ocrx_word' id='word_1_18' title='bbox 702 893 922 968; x_wconf 83' lang='lat' dir='ltr'>Osicerdensis,</span> <span class='ocrx_word' id='word_1_19' title='bbox 944 891 1235 972; x_wconf 76' lang='lat' dir='ltr'>caesaraugustana.</span> <span class='ocrx_word' id='word_1_20' title='bbox 1258 890 1309 954; x_wconf 87' lang='lat' dir='ltr'>Sio</span> <span class='ocrx_word' id='word_1_21' title='bbox 1331 892 1452 969; x_wconf 90' lang='lat' dir='ltr'>saepius</span> <span class='ocrx_word' id='word_1_22' title='bbox 1474 893 1670 970; x_wconf 74' lang='lat' dir='ltr'>distinguitur</span> <span class='ocrx_word' id='word_1_23' title='bbox 1690 896 1769 954; x_wconf 86' lang='lat' dir='ltr'>iuter</span> 
     </span>
     <span class='ocr_line' id='line_1_4' title="bbox 436 993 1608 1076; baseline -0.009 -15"><span class='ocrx_word' id='word_1_24' title='bbox 436 1001 607 1061; x_wconf 81' lang='lat' dir='ltr'>flamonium</span> <span class='ocrx_word' id='word_1_25' title='bbox 629 997 801 1076; x_wconf 78' lang='lat' dir='ltr'>provinciae</span> <span class='ocrx_word' id='word_1_26' title='bbox 823 1007 852 1054; x_wconf 88' lang='lat' dir='ltr'>et</span> <span class='ocrx_word' id='word_1_27' title='bbox 873 994 1044 1054; x_wconf 85' lang='lat' dir='ltr'>flamonium</span> <span class='ocrx_word' id='word_1_28' title='bbox 1066 1000 1242 1071; x_wconf 87' lang='lat' dir='ltr'>perpetuum</span> <span class='ocrx_word' id='word_1_29' title='bbox 1264 993 1427 1070; x_wconf 79' lang='lat' dir='ltr'>municipii,</span> <span class='ocrx_word' id='word_1_30' title='bbox 1448 1013 1499 1052; x_wconf 82' lang='lat' dir='ltr'>ex.</span> <span class='ocrx_word' id='word_1_31' title='bbox 1521 1013 1546 1052; x_wconf 90' lang='lat' dir='ltr'>o.</span> <span class='ocrx_word' id='word_1_32' title='bbox 1605 1035 1608 1040; x_wconf 91' lang='lat'>-</span> 
     </span>
     <span class='ocr_line' id='line_1_5' title="bbox 479 1093 1768 1172; baseline -0.005 -11"><span class='ocrx_word' id='word_1_33' title='bbox 479 1123 508 1162; x_wconf 89' lang='lat' dir='ltr'>n.</span> <span class='ocrx_word' id='word_1_34' title='bbox 525 1099 574 1160; x_wconf 77' lang='lat'>32.</span> <span class='ocrx_word' id='word_1_35' title='bbox 618 1099 682 1158; x_wconf 78' lang='lat' dir='ltr'>loti</span> <span class='ocrx_word' id='word_1_36' title='bbox 703 1115 729 1157; x_wconf 91' lang='lat' dir='ltr'>o.</span> <span class='ocrx_word' id='word_1_37' title='bbox 751 1117 787 1156; x_wconf 86' lang='lat' dir='ltr'>ot.</span> <span class='ocrx_word' id='word_1_38' title='bbox 804 1095 916 1155; x_wconf 81' lang='lat' dir='ltr'>Flauia</span> <span class='ocrx_word' id='word_1_39' title='bbox 937 1093 977 1154; x_wconf 86' lang='lat' dir='ltr'>L.</span> <span class='ocrx_word' id='word_1_40' title='bbox 992 1099 1021 1172; x_wconf 78' lang='lat' dir='ltr'>s.</span> <span class='ocrx_word' id='word_1_41' title='bbox 1039 1095 1145 1171; x_wconf 72' lang='lat' dir='ltr'>Rufino</span> <span class='ocrx_word' id='word_1_42' title='bbox 1159 1093 1349 1154; x_wconf 70' lang='lat' dir='ltr'>Emeritensis</span> <span class='ocrx_word' id='word_1_43' title='bbox 1363 1095 1515 1170; x_wconf 78' lang='lat' dir='ltr'>flaminica</span> <span class='ocrx_word' id='word_1_44' title='bbox 1529 1098 1661 1172; x_wconf 60' lang='lat' dir='ltr'>poene.</span> <span class='ocrx_word' id='word_1_45' title='bbox 1677 1095 1768 1154; x_wconf 81' lang='lat' dir='ltr'>Lusi·</span> 
     </span>
     <span class='ocr_line' id='line_1_6' title="bbox 518 1193 1729 1273; baseline -0.006 -12"><span class='ocrx_word' id='word_1_46' title='bbox 518 1205 624 1272; x_wconf 78' lang='lat' dir='ltr'>maiae,</span> <span class='ocrx_word' id='word_1_47' title='bbox 646 1203 710 1258; x_wconf 83' lang='lat' dir='ltr'>item</span> <span class='ocrx_word' id='word_1_48' title='bbox 732 1197 887 1273; x_wconf 83' lang='lat' dir='ltr'>eol(onioe)</span> <span class='ocrx_word' id='word_1_49' title='bbox 908 1195 1094 1268; x_wconf 78' lang='lat' dir='ltr'>Eenesitensis</span> <span class='ocrx_word' id='word_1_50' title='bbox 1114 1203 1253 1272; x_wconf 82' lang='lat' dir='ltr'>perpetua</span> <span class='ocrx_word' id='word_1_51' title='bbox 1274 1203 1300 1254; x_wconf 91' lang='lat' dir='ltr'>et</span> <span class='ocrx_word' id='word_1_52' title='bbox 1320 1198 1457 1272; x_wconf 76' lang='lat' dir='ltr'>municipi</span> <span class='ocrx_word' id='word_1_53' title='bbox 1478 1193 1627 1255; x_wconf 84' lang='lat' dir='ltr'>Soloeien.</span> <span class='ocrx_word' id='word_1_54' title='bbox 1649 1197 1678 1254; x_wconf 77' lang='lat' dir='ltr'>d.</span> <span class='ocrx_word' id='word_1_55' title='bbox 1701 1197 1729 1254; x_wconf 74' lang='lat' dir='ltr'>el</span> 
     </span>
     <span class='ocr_line' id='line_1_7' title="bbox 439 1295 1764 1373; baseline -0.006 -9"><span class='ocrx_word' id='word_1_56' title='bbox 439 1356 442 1364; x_wconf 81' lang='grc'><strong>,</strong></span> <span class='ocrx_word' id='word_1_57' title='bbox 476 1301 613 1364; x_wconf 57' lang='grc'><strong>114911.</strong></span> <span class='ocrx_word' id='word_1_58' title='bbox 657 1299 691 1358; x_wconf 92' lang='lat' dir='ltr'>P.</span> <span class='ocrx_word' id='word_1_59' title='bbox 713 1297 754 1358; x_wconf 84' lang='grc' dir='ltr'>Η.</span> <span class='ocrx_word' id='word_1_60' title='bbox 777 1317 801 1358; x_wconf 90' lang='lat' dir='ltr'>o.</span> <span class='ocrx_word' id='word_1_61' title='bbox 825 1296 863 1356; x_wconf 86' lang='lat' dir='ltr'>L.</span> <span class='ocrx_word' id='word_1_62' title='bbox 885 1296 1014 1355; x_wconf 88' lang='lat' dir='ltr'>Domitio</span> <span class='ocrx_word' id='word_1_63' title='bbox 1038 1295 1125 1371; x_wconf 69' lang='lat' dir='ltr'>Ml.</span> <span class='ocrx_word' id='word_1_64' title='bbox 1149 1295 1232 1372; x_wconf 81' lang='lat' dir='ltr'>Serg.</span> <span class='ocrx_word' id='word_1_65' title='bbox 1249 1295 1431 1354; x_wconf 80' lang='lat' dir='ltr'>Dentoniuno</span> <span class='ocrx_word' id='word_1_66' title='bbox 1452 1296 1538 1355; x_wconf 77' lang='lat' dir='ltr'>indie.</span> <span class='ocrx_word' id='word_1_67' title='bbox 1560 1297 1619 1357; x_wconf 82' lang='lat' dir='ltr'>dee.</span> <span class='ocrx_word' id='word_1_68' title='bbox 1638 1297 1673 1356; x_wconf 87' lang='lat' dir='ltr'>V.</span> <span class='ocrx_word' id='word_1_69' title='bbox 1695 1316 1764 1373; x_wconf 86' lang='lat' dir='ltr'>equo</span> 
     </span>
     <span class='ocr_line' id='line_1_8' title="bbox 514 1387 1883 1480; baseline -0.003 -18"><span class='ocrx_word' id='word_1_70' title='bbox 514 1402 641 1480; x_wconf 82' lang='lat' dir='ltr'>publico.</span> <span class='ocrx_word' id='word_1_71' title='bbox 667 1418 730 1477; x_wconf 83' lang='lat' dir='ltr'>per.</span> <span class='ocrx_word' id='word_1_72' title='bbox 757 1398 874 1458; x_wconf 77' lang='lat' dir='ltr'>llemn.</span> <span class='ocrx_word' id='word_1_73' title='bbox 903 1397 995 1456; x_wconf 85' lang='lat' dir='ltr'>IIuir.</span> <span class='ocrx_word' id='word_1_74' title='bbox 1022 1401 1123 1456; x_wconf 85' lang='lat' dir='ltr'>munio.</span> <span class='ocrx_word' id='word_1_75' title='bbox 1151 1393 1456 1473; x_wconf 82' lang='lat' dir='ltr'>Consaburon(ensis),</span> <span class='ocrx_word' id='word_1_76' title='bbox 1477 1397 1620 1473; x_wconf 63' lang='lat' dir='ltr'>fiumino)</span> <span class='ocrx_word' id='word_1_77' title='bbox 1644 1409 1765 1474; x_wconf 81' lang='lat' dir='ltr'>perpet,</span> <span class='ocrx_word' id='word_1_78' title='bbox 1882 1387 1883 1458; x_wconf 72' lang='lat' dir='ltr'>l</span> 
     </span>
    </p>
   </div>
   <div class='ocr_carea' id='block_1_3' title="bbox 434 1495 1764 2084">
    <p class='ocr_par' dir='ltr' id='par_1_3' title="bbox 434 1495 1763 1783">
     <span class='ocr_line' id='line_1_9' title="bbox 518 1495 1162 1577; baseline -0.006 -18"><span class='ocrx_word' id='word_1_79' title='bbox 518 1535 557 1549; x_wconf 89' lang='lat'>-</span> <span class='ocrx_word' id='word_1_80' title='bbox 580 1535 621 1545; x_wconf 92' lang='lat'>-</span> <span class='ocrx_word' id='word_1_81' title='bbox 643 1531 682 1544; x_wconf 92' lang='lat'>-</span> <span class='ocrx_word' id='word_1_82' title='bbox 697 1499 841 1577; x_wconf 55' lang='lat' dir='ltr'>flumini)</span> <span class='ocrx_word' id='word_1_83' title='bbox 860 1497 1052 1576; x_wconf 82' lang='lat' dir='ltr'>p(rouineiee)</span> <span class='ocrx_word' id='word_1_84' title='bbox 1074 1495 1115 1556; x_wconf 83' lang='lat' dir='ltr'>H.</span> <span class='ocrx_word' id='word_1_85' title='bbox 1138 1515 1162 1556; x_wconf 89' lang='lat' dir='ltr'>e.</span> 
     </span>
     <span class='ocr_line' id='line_1_10' title="bbox 436 1597 1763 1675; baseline -0.005 -11"><span class='ocrx_word' id='word_1_86' title='bbox 436 1617 468 1664; x_wconf 89' lang='lat' dir='ltr'>ut</span> <span class='ocrx_word' id='word_1_87' title='bbox 491 1606 539 1663; x_wconf 85' lang='lat' dir='ltr'>vel</span> <span class='ocrx_word' id='word_1_88' title='bbox 565 1622 603 1662; x_wconf 84' lang='lat' dir='ltr'>ex</span> <span class='ocrx_word' id='word_1_89' title='bbox 632 1603 688 1662; x_wconf 86' lang='lat' dir='ltr'>hae</span> <span class='ocrx_word' id='word_1_90' title='bbox 714 1601 903 1660; x_wconf 85' lang='lat' dir='ltr'>distinetione</span> <span class='ocrx_word' id='word_1_91' title='bbox 929 1599 1130 1675; x_wconf 72' lang='lat' dir='ltr'>intellegatur,</span> <span class='ocrx_word' id='word_1_92' title='bbox 1159 1599 1334 1675; x_wconf 79' lang='lat' dir='ltr'>provinciae</span> <span class='ocrx_word' id='word_1_93' title='bbox 1360 1597 1559 1658; x_wconf 78' lang='lat' dir='ltr'>sacerdotium</span> <span class='ocrx_word' id='word_1_94' title='bbox 1585 1615 1647 1658; x_wconf 89' lang='lat' dir='ltr'>uon</span> <span class='ocrx_word' id='word_1_95' title='bbox 1672 1599 1763 1659; x_wconf 86' lang='lat' dir='ltr'>luisse</span> 
     </span>
     <span class='ocr_line' id='line_1_11' title="bbox 434 1715 621 1783; baseline -0.027 -18"><span class='ocrx_word' id='word_1_96' title='bbox 434 1715 621 1783; x_wconf 89' lang='lat' dir='ltr'>perpetuum.</span> 
     </span>
    </p>

    <p class='ocr_par' dir='ltr' id='par_1_4' title="bbox 435 1797 1764 2084">
     <span class='ocr_line' id='line_1_12' title="bbox 518 1797 1763 1880; baseline -0.003 -18"><span class='ocrx_word' id='word_1_97' title='bbox 518 1805 670 1875; x_wconf 79' lang='lat' dir='ltr'>Alterum,</span> <span class='ocrx_word' id='word_1_98' title='bbox 692 1804 722 1861; x_wconf 89' lang='lat' dir='ltr'>in</span> <span class='ocrx_word' id='word_1_99' title='bbox 743 1819 804 1880; x_wconf 91' lang='lat' dir='ltr'>quo</span> <span class='ocrx_word' id='word_1_100' title='bbox 822 1799 970 1860; x_wconf 75' lang='lat' dir='ltr'>erravisse</span> <span class='ocrx_word' id='word_1_101' title='bbox 984 1799 1058 1858; x_wconf 86' lang='lat' dir='ltr'>mihi</span> <span class='ocrx_word' id='word_1_102' title='bbox 1073 1797 1190 1858; x_wconf 83' lang='lat' dir='ltr'>videtur</span> <span class='ocrx_word' id='word_1_103' title='bbox 1203 1797 1395 1873; x_wconf 80' lang='lat' dir='ltr'>liuebnerus,</span> <span class='ocrx_word' id='word_1_104' title='bbox 1417 1799 1493 1859; x_wconf 87' lang='lat' dir='ltr'>illud</span> <span class='ocrx_word' id='word_1_105' title='bbox 1507 1807 1563 1873; x_wconf 86' lang='lat' dir='ltr'>est,</span> <span class='ocrx_word' id='word_1_106' title='bbox 1585 1802 1674 1878; x_wconf 88' lang='lat' dir='ltr'>quod,</span> <span class='ocrx_word' id='word_1_107' title='bbox 1696 1819 1763 1860; x_wconf 88' lang='lat' dir='ltr'>oum</span> 
     </span>
     <span class='ocr_line' id='line_1_13' title="bbox 435 1899 1764 1980; baseline -0.005 -14"><span class='ocrx_word' id='word_1_108' title='bbox 435 1908 626 1968; x_wconf 72' lang='lat' dir='ltr'>observasset</span> <span class='ocrx_word' id='word_1_109' title='bbox 647 1920 700 1962; x_wconf 89' lang='lat' dir='ltr'>eos</span> <span class='ocrx_word' id='word_1_110' title='bbox 722 1901 893 1980; x_wconf 76' lang='lat' dir='ltr'>provinciae</span> <span class='ocrx_word' id='word_1_111' title='bbox 915 1899 1097 1972; x_wconf 78' lang='lat' dir='ltr'>sacerdotes,</span> <span class='ocrx_word' id='word_1_112' title='bbox 1122 1917 1251 1976; x_wconf 86' lang='lat' dir='ltr'>quorum</span> <span class='ocrx_word' id='word_1_113' title='bbox 1273 1900 1353 1959; x_wconf 90' lang='lat' dir='ltr'>tituli</span> <span class='ocrx_word' id='word_1_114' title='bbox 1374 1908 1506 1975; x_wconf 87' lang='lat' dir='ltr'>exstant,</span> <span class='ocrx_word' id='word_1_115' title='bbox 1528 1919 1545 1958; x_wconf 90' lang='lat' dir='ltr'>e</span> <span class='ocrx_word' id='word_1_116' title='bbox 1566 1901 1764 1979; x_wconf 85' lang='lat' dir='ltr'>quadraginta</span> 
     </span>
     <span class='ocr_line' id='line_1_14' title="bbox 435 2000 1763 2084; baseline -0.004 -19"><span class='ocrx_word' id='word_1_117' title='bbox 435 2009 498 2066; x_wconf 86' lang='lat' dir='ltr'>iere</span> <span class='ocrx_word' id='word_1_118' title='bbox 518 2005 688 2064; x_wconf 77' lang='lat' dir='ltr'>civitatibus</span> <span class='ocrx_word' id='word_1_119' title='bbox 709 2001 882 2084; x_wconf 75' lang='lat' dir='ltr'>provinciae</span> <span class='ocrx_word' id='word_1_120' title='bbox 903 2000 1045 2074; x_wconf 84' lang='lat' dir='ltr'>oriundos</span> <span class='ocrx_word' id='word_1_121' title='bbox 1067 2017 1145 2072; x_wconf 88' lang='lat' dir='ltr'>esse,</span> <span class='ocrx_word' id='word_1_122' title='bbox 1168 2017 1255 2059; x_wconf 89' lang='lat' dir='ltr'>suum</span> <span class='ocrx_word' id='word_1_123' title='bbox 1277 2017 1427 2078; x_wconf 88' lang='lat' dir='ltr'>quamque</span> <span class='ocrx_word' id='word_1_124' title='bbox 1448 2002 1600 2062; x_wconf 77' lang='lat' dir='ltr'>civitatem</span> <span class='ocrx_word' id='word_1_125' title='bbox 1615 2002 1763 2064; x_wconf 72' lang='lat' dir='ltr'>flamimm</span> 
     </span>
    </p>
   </div>
   <div class='ocr_carea' id='block_1_4' title="bbox 364 2100 1884 2281">
    <p class='ocr_par' dir='ltr' id='par_1_5' title="bbox 364 2100 1884 2281">
     <span class='ocr_line' id='line_1_15' title="bbox 435 2100 1884 2190; baseline -0.003 -24"><span class='ocrx_word' id='word_1_126' title='bbox 435 2107 473 2166; x_wconf 83' lang='lat' dir='ltr'>ad</span> <span class='ocrx_word' id='word_1_127' title='bbox 494 2104 655 2166; x_wconf 87' lang='lat' dir='ltr'>oouoilium</span> <span class='ocrx_word' id='word_1_128' title='bbox 676 2102 833 2179; x_wconf 84' lang='lat' dir='ltr'>delegasse</span> <span class='ocrx_word' id='word_1_129' title='bbox 855 2103 968 2174; x_wconf 82' lang='lat' dir='ltr'>statuit,</span> <span class='ocrx_word' id='word_1_130' title='bbox 990 2117 1103 2178; x_wconf 88' lang='lat' dir='ltr'>eosque</span> <span class='ocrx_word' id='word_1_131' title='bbox 1124 2100 1260 2160; x_wconf 87' lang='lat' dir='ltr'>flamines</span> <span class='ocrx_word' id='word_1_132' title='bbox 1283 2111 1425 2178; x_wconf 86' lang='lat' dir='ltr'>tanquam</span> <span class='ocrx_word' id='word_1_133' title='bbox 1440 2102 1590 2179; x_wconf 86' lang='lat' dir='ltr'>quoddam</span> <span class='ocrx_word' id='word_1_134' title='bbox 1605 2103 1763 2180; x_wconf 87' lang='lat' dir='ltr'>eollegium</span> <span class='ocrx_word' id='word_1_135' title='bbox 1883 2172 1884 2190; x_wconf 23' lang='lat'>2</span> 
     </span>
     <span class='ocr_line' id='line_1_16' title="bbox 364 2197 1884 2281; baseline -0.007 -11"><span class='ocrx_word' id='word_1_136' title='bbox 364 2265 367 2270; x_wconf 90' lang='lat'><em>.</em></span> <span class='ocrx_word' id='word_1_137' title='bbox 435 2205 572 2268; x_wconf 76' lang='lat' dir='ltr'>effecisse</span> <span class='ocrx_word' id='word_1_138' title='bbox 599 2203 747 2281; x_wconf 84' lang='lat' dir='ltr'>(Hermes</span> <span class='ocrx_word' id='word_1_139' title='bbox 772 2206 786 2261; x_wconf 94' lang='lat' dir='ltr'>l</span> <span class='ocrx_word' id='word_1_140' title='bbox 814 2221 844 2279; x_wconf 92' lang='lat' dir='ltr'>p.</span> <span class='ocrx_word' id='word_1_141' title='bbox 861 2200 1054 2277; x_wconf 76' lang='lat' dir='ltr'>lla-116).</span> <span class='ocrx_word' id='word_1_142' title='bbox 1099 2201 1135 2260; x_wconf 93' lang='lat' dir='ltr'>lu</span> <span class='ocrx_word' id='word_1_143' title='bbox 1164 2219 1225 2278; x_wconf 92' lang='lat' dir='ltr'>quo</span> <span class='ocrx_word' id='word_1_144' title='bbox 1253 2203 1408 2278; x_wconf 85' lang='lat' dir='ltr'>praeteriit</span> <span class='ocrx_word' id='word_1_145' title='bbox 1435 2222 1503 2262; x_wconf 90' lang='lat' dir='ltr'>eum</span> <span class='ocrx_word' id='word_1_146' title='bbox 1529 2204 1664 2264; x_wconf 84' lang='lat' dir='ltr'>flamines</span> <span class='ocrx_word' id='word_1_147' title='bbox 1689 2223 1763 2263; x_wconf 89' lang='lat' dir='ltr'>uuu-</span> <span class='ocrx_word' id='word_1_148' title='bbox 1883 2197 1884 2238; x_wconf 63' lang='lat'><em>⁷</em></span> 
     </span>
    </p>
   </div>
   <div class='ocr_carea' id='block_1_5' title="bbox 434 2301 1762 2385">
    <p class='ocr_par' dir='ltr' id='par_1_6' title="bbox 434 2301 1762 2385">
     <span class='ocr_line' id='line_1_17' title="bbox 434 2301 1762 2385; baseline -0.003 -19"><span class='ocrx_word' id='word_1_149' title='bbox 434 2326 524 2385; x_wconf 86' lang='lat' dir='ltr'>quam</span> <span class='ocrx_word' id='word_1_150' title='bbox 550 2305 709 2382; x_wconf 89' lang='lat' dir='ltr'>oollegium</span> <span class='ocrx_word' id='word_1_151' title='bbox 730 2303 911 2362; x_wconf 79' lang='lat' dir='ltr'>constituere</span> <span class='ocrx_word' id='word_1_152' title='bbox 938 2301 992 2378; x_wconf 83' lang='lat' dir='ltr'>(oi.</span> <span class='ocrx_word' id='word_1_153' title='bbox 1014 2301 1181 2361; x_wconf 82' lang='lat' dir='ltr'>Mommsen</span> <span class='ocrx_word' id='word_1_154' title='bbox 1202 2301 1241 2360; x_wconf 83' lang='lat' dir='ltr'>ad</span> <span class='ocrx_word' id='word_1_155' title='bbox 1262 2301 1412 2380; x_wconf 79' lang='lat' dir='ltr'>Borghesi</span> <span class='ocrx_word' id='word_1_156' title='bbox 1434 2323 1504 2382; x_wconf 87' lang='lat' dir='ltr'>opp.</span> <span class='ocrx_word' id='word_1_157' title='bbox 1518 2304 1547 2376; x_wconf 95' lang='grc'>5,</span> <span class='ocrx_word' id='word_1_158' title='bbox 1564 2303 1653 2381; x_wconf 72' lang='grc'><strong>901),</strong></span> <span class='ocrx_word' id='word_1_159' title='bbox 1678 2323 1762 2381; x_wconf 88' lang='lat' dir='ltr'>prae-</span> 
     </span>
    </p>
   </div>
   <div class='ocr_carea' id='block_1_6' title="bbox 434 2401 1884 2482">
    <p class='ocr_par' dir='ltr' id='par_1_7' title="bbox 434 2401 1884 2482">
     <span class='ocr_line' id='line_1_18' title="bbox 434 2401 1884 2482; baseline -0.003 -14"><span class='ocrx_word' id='word_1_160' title='bbox 434 2416 516 2468; x_wconf 86' lang='lat' dir='ltr'>terea</span> <span class='ocrx_word' id='word_1_161' title='bbox 538 2415 648 2478; x_wconf 84' lang='lat' dir='ltr'>sutem,</span> <span class='ocrx_word' id='word_1_162' title='bbox 670 2407 698 2464; x_wconf 92' lang='lat' dir='ltr'>si</span> <span class='ocrx_word' id='word_1_163' title='bbox 719 2421 807 2464; x_wconf 86' lang='lat' dir='ltr'>suum</span> <span class='ocrx_word' id='word_1_164' title='bbox 827 2419 963 2480; x_wconf 90' lang='lat' dir='ltr'>quaeque</span> <span class='ocrx_word' id='word_1_165' title='bbox 985 2401 1092 2462; x_wconf 79' lang='lat' dir='ltr'>civitas</span> <span class='ocrx_word' id='word_1_166' title='bbox 1113 2403 1144 2460; x_wconf 88' lang='lat' dir='ltr'>in</span> <span class='ocrx_word' id='word_1_167' title='bbox 1162 2402 1321 2462; x_wconf 75' lang='lat' dir='ltr'>mutilium</span> <span class='ocrx_word' id='word_1_168' title='bbox 1335 2403 1484 2462; x_wconf 88' lang='lat' dir='ltr'>flaminem</span> <span class='ocrx_word' id='word_1_169' title='bbox 1500 2406 1643 2478; x_wconf 86' lang='lat' dir='ltr'>misisset,</span> <span class='ocrx_word' id='word_1_170' title='bbox 1665 2406 1763 2482; x_wconf 83' lang='lat' dir='ltr'>ipsam</span> <span class='ocrx_word' id='word_1_171' title='bbox 1883 2411 1884 2444; x_wconf 71' lang='lat'>³</span> 
     </span>
    </p>
   </div>
   <div class='ocr_carea' id='block_1_7' title="bbox 431 2503 1764 3184">
    <p class='ocr_par' dir='ltr' id='par_1_8' title="bbox 431 2503 1764 3084">
     <span class='ocr_line' id='line_1_19' title="bbox 433 2503 1764 2579; baseline -0.003 -11"><span class='ocrx_word' id='word_1_172' title='bbox 433 2508 584 2568; x_wconf 83' lang='lat' dir='ltr'>uiritatsm</span> <span class='ocrx_word' id='word_1_173' title='bbox 612 2525 680 2564; x_wconf 90' lang='lat' dir='ltr'>eum</span> <span class='ocrx_word' id='word_1_174' title='bbox 708 2513 877 2563; x_wconf 85' lang='lat' dir='ltr'>ereaturam</span> <span class='ocrx_word' id='word_1_175' title='bbox 904 2503 1009 2562; x_wconf 83' lang='lat' dir='ltr'>inisse</span> <span class='ocrx_word' id='word_1_176' title='bbox 1059 2504 1154 2578; x_wconf 82' lang='lat' dir='ltr'>Atqui</span> <span class='ocrx_word' id='word_1_177' title='bbox 1182 2521 1201 2560; x_wconf 89' lang='lat' dir='ltr'>a</span> <span class='ocrx_word' id='word_1_178' title='bbox 1228 2503 1356 2562; x_wconf 80' lang='lat' dir='ltr'>oonsilio</span> <span class='ocrx_word' id='word_1_179' title='bbox 1384 2505 1555 2579; x_wconf 84' lang='lat' dir='ltr'>provinoise</span> <span class='ocrx_word' id='word_1_180' title='bbox 1583 2507 1764 2564; x_wconf 82' lang='lat' dir='ltr'>creabantur</span> 
     </span>
     <span class='ocr_line' id='line_1_20' title="bbox 432 2603 1763 2684; baseline -0.005 -16"><span class='ocrx_word' id='word_1_181' title='bbox 432 2610 569 2670; x_wconf 83' lang='lat' dir='ltr'>flamines</span> <span class='ocrx_word' id='word_1_182' title='bbox 591 2603 702 2684; x_wconf 87' lang='lat' dir='ltr'>singuli</span> <span class='ocrx_word' id='word_1_183' title='bbox 724 2603 779 2681; x_wconf 89' lang='lat'>(11,</span> <span class='ocrx_word' id='word_1_184' title='bbox 795 2603 877 2664; x_wconf 81' lang='grc'><strong>1344</strong></span> <span class='ocrx_word' id='word_1_185' title='bbox 899 2604 946 2662; x_wconf 82' lang='lat' dir='ltr'>lie</span> <span class='ocrx_word' id='word_1_186' title='bbox 963 2607 1131 2680; x_wconf 65' lang='lat' dir='ltr'>promum</span> <span class='ocrx_word' id='word_1_187' title='bbox 1145 2603 1283 2662; x_wconf 84' lang='lat' dir='ltr'>Baetieee</span> <span class='ocrx_word' id='word_1_188' title='bbox 1304 2621 1439 2662; x_wconf 84' lang='lat' dir='ltr'>eonsenau</span> <span class='ocrx_word' id='word_1_189' title='bbox 1451 2605 1581 2680; x_wconf 77' lang='lat' dir='ltr'>fluminis</span> <span class='ocrx_word' id='word_1_190' title='bbox 1602 2624 1704 2664; x_wconf 85' lang='lat' dir='ltr'>munus</span> <span class='ocrx_word' id='word_1_191' title='bbox 1721 2616 1763 2665; x_wconf 84' lang='lat' dir='ltr'>est</span> 
     </span>
     <span class='ocr_line' id='line_1_21' title="bbox 433 2703 1762 2786; baseline -0.002 -20"><span class='ocrx_word' id='word_1_192' title='bbox 433 2706 635 2786; x_wconf 73' lang='lat' dir='ltr'>marequutus)</span> <span class='ocrx_word' id='word_1_193' title='bbox 656 2706 736 2782; x_wconf 90' lang='lat' dir='ltr'>iique</span> <span class='ocrx_word' id='word_1_194' title='bbox 758 2721 797 2762; x_wconf 82' lang='lat' dir='ltr'>ex</span> <span class='ocrx_word' id='word_1_195' title='bbox 819 2703 911 2762; x_wconf 84' lang='lat' dir='ltr'>variis</span> <span class='ocrx_word' id='word_1_196' title='bbox 933 2703 1115 2776; x_wconf 85' lang='lat' dir='ltr'>civitatibus,</span> <span class='ocrx_word' id='word_1_197' title='bbox 1138 2713 1170 2764; x_wconf 93' lang='lat' dir='ltr'>ut</span> <span class='ocrx_word' id='word_1_198' title='bbox 1191 2711 1221 2762; x_wconf 90' lang='lat' dir='ltr'>et</span> <span class='ocrx_word' id='word_1_199' title='bbox 1241 2704 1363 2762; x_wconf 88' lang='lat' dir='ltr'>honoris</span> <span class='ocrx_word' id='word_1_200' title='bbox 1385 2721 1489 2764; x_wconf 85' lang='lat' dir='ltr'>omues</span> <span class='ocrx_word' id='word_1_201' title='bbox 1510 2705 1648 2764; x_wconf 78' lang='lat' dir='ltr'>civitatee</span> <span class='ocrx_word' id='word_1_202' title='bbox 1669 2708 1762 2782; x_wconf 86' lang='lat' dir='ltr'>parti-</span> 
     </span>
     <span class='ocr_line' id='line_1_22' title="bbox 431 2803 1761 2886; baseline -0.003 -17"><span class='ocrx_word' id='word_1_203' title='bbox 431 2813 514 2886; x_wconf 80' lang='lat' dir='ltr'>cipes</span> <span class='ocrx_word' id='word_1_204' title='bbox 535 2817 636 2870; x_wconf 86' lang='lat' dir='ltr'>esseut</span> <span class='ocrx_word' id='word_1_205' title='bbox 656 2813 687 2866; x_wconf 83' lang='lat' dir='ltr'>et</span> <span class='ocrx_word' id='word_1_206' title='bbox 707 2815 859 2881; x_wconf 89' lang='lat' dir='ltr'>sumptum</span> <span class='ocrx_word' id='word_1_207' title='bbox 881 2803 1020 2863; x_wconf 90' lang='lat' dir='ltr'>ludorum</span> <span class='ocrx_word' id='word_1_208' title='bbox 1034 2811 1099 2863; x_wconf 88' lang='lat' dir='ltr'>tota</span> <span class='ocrx_word' id='word_1_209' title='bbox 1112 2804 1269 2880; x_wconf 75' lang='lat' dir='ltr'>provintia</span> <span class='ocrx_word' id='word_1_210' title='bbox 1282 2804 1478 2881; x_wconf 64' lang='lat' dir='ltr'>aequabiliter</span> <span class='ocrx_word' id='word_1_211' title='bbox 1492 2805 1642 2866; x_wconf 71' lang='lat' dir='ltr'>toleraret</span> <span class='ocrx_word' id='word_1_212' title='bbox 1666 2804 1761 2880; x_wconf 86' lang='lat' dir='ltr'>-Quo-</span> 
     </span>
     <span class='ocr_line' id='line_1_23' title="bbox 432 2903 1762 2984; baseline -0.005 -11"><span class='ocrx_word' id='word_1_213' title='bbox 432 2911 531 2972; x_wconf 85' lang='lat' dir='ltr'>taonis</span> <span class='ocrx_word' id='word_1_214' title='bbox 556 2915 674 2968; x_wconf 87' lang='lat' dir='ltr'>oreatus</span> <span class='ocrx_word' id='word_1_215' title='bbox 700 2922 767 2965; x_wconf 88' lang='lat' dir='ltr'>essa</span> <span class='ocrx_word' id='word_1_216' title='bbox 793 2903 929 2964; x_wconf 83' lang='lat' dir='ltr'>flamines</span> <span class='ocrx_word' id='word_1_217' title='bbox 956 2921 1127 2982; x_wconf 87' lang='lat' dir='ltr'>quanquam</span> <span class='ocrx_word' id='word_1_218' title='bbox 1150 2905 1311 2966; x_wconf 82' lang='lat' dir='ltr'>verisimile</span> <span class='ocrx_word' id='word_1_219' title='bbox 1338 2911 1385 2964; x_wconf 88' lang='lat' dir='ltr'>est</span> <span class='ocrx_word' id='word_1_220' title='bbox 1406 2915 1505 2965; x_wconf 82' lang='lat' dir='ltr'>tamen</span> <span class='ocrx_word' id='word_1_221' title='bbox 1526 2923 1566 2965; x_wconf 87' lang='lat' dir='ltr'>ex</span> <span class='ocrx_word' id='word_1_222' title='bbox 1587 2905 1762 2984; x_wconf 82' lang='lat' dir='ltr'>Hispanieis</span> 
     </span>
     <span class='ocr_line' id='line_1_24' title="bbox 433 3011 768 3084; baseline -0.015 -15"><span class='ocrx_word' id='word_1_223' title='bbox 433 3011 529 3069; x_wconf 84' lang='lat' dir='ltr'>titulis</span> <span class='ocrx_word' id='word_1_224' title='bbox 551 3027 611 3066; x_wconf 90' lang='lat' dir='ltr'>uon</span> <span class='ocrx_word' id='word_1_225' title='bbox 633 3016 768 3084; x_wconf 86' lang='lat' dir='ltr'>apparet.</span> 
     </span>
    </p>

    <p class='ocr_par' dir='ltr' id='par_1_9' title="bbox 515 3106 1759 3184">
     <span class='ocr_line' id='line_1_25' title="bbox 515 3106 1759 3184; baseline -0.001 -14"><span class='ocrx_word' id='word_1_226' title='bbox 515 3113 544 3170; x_wconf 96' lang='grc'>4.</span> <span class='ocrx_word' id='word_1_227' title='bbox 589 3106 731 3172; x_wconf 79' lang='lat' dir='ltr'>Sroruuas</span> <span class='ocrx_word' id='word_1_228' title='bbox 754 3124 919 3178; x_wconf 83' lang='lat' dir='ltr'>eommune,</span> <span class='ocrx_word' id='word_1_229' title='bbox 940 3107 1021 3182; x_wconf 87' lang='lat' dir='ltr'>quod</span> <span class='ocrx_word' id='word_1_230' title='bbox 1041 3107 1199 3184; x_wconf 75' lang='lat' dir='ltr'>provincia</span> <span class='ocrx_word' id='word_1_231' title='bbox 1219 3106 1373 3182; x_wconf 89' lang='lat' dir='ltr'>antiquius</span> <span class='ocrx_word' id='word_1_232' title='bbox 1393 3119 1448 3179; x_wconf 86' lang='lat' dir='ltr'>est,</span> <span class='ocrx_word' id='word_1_233' title='bbox 1469 3119 1685 3168; x_wconf 83' lang='lat' dir='ltr'>eousernsnmt</span> <span class='ocrx_word' id='word_1_234' title='bbox 1698 3109 1759 3168; x_wconf 82' lang='lat' dir='ltr'>Ro-</span> 
     </span>
    </p>
   </div>
   <div class='ocr_carea' id='block_1_8' title="bbox 431 3203 1885 3290">
    <p class='ocr_par' dir='ltr' id='par_1_10' title="bbox 431 3203 1885 3290">
     <span class='ocr_line' id='line_1_26' title="bbox 431 3203 1885 3290; baseline -0.001 -20"><span class='ocrx_word' id='word_1_235' title='bbox 431 3210 512 3270; x_wconf 85' lang='lat' dir='ltr'>msui</span> <span class='ocrx_word' id='word_1_236' title='bbox 538 3217 568 3268; x_wconf 87' lang='lat' dir='ltr'>et</span> <span class='ocrx_word' id='word_1_237' title='bbox 593 3207 798 3284; x_wconf 78' lang='lat' dir='ltr'>compluribus</span> <span class='ocrx_word' id='word_1_238' title='bbox 816 3205 1012 3265; x_wconf 77' lang='lat' dir='ltr'>Verriumum</span> <span class='ocrx_word' id='word_1_239' title='bbox 1037 3205 1113 3265; x_wconf 84' lang='lat' dir='ltr'>louis</span> <span class='ocrx_word' id='word_1_240' title='bbox 1135 3203 1244 3266; x_wconf 82' lang='lat' dir='ltr'>Cioero</span> <span class='ocrx_word' id='word_1_241' title='bbox 1265 3217 1486 3266; x_wconf 76' lang='lat' dir='ltr'>commemorat.</span> <span class='ocrx_word' id='word_1_242' title='bbox 1535 3207 1574 3267; x_wconf 86' lang='lat' dir='ltr'>V.</span> <span class='ocrx_word' id='word_1_243' title='bbox 1596 3210 1706 3269; x_wconf 82' lang='lat' dir='ltr'>Aecus.</span> <span class='ocrx_word' id='word_1_244' title='bbox 1728 3210 1760 3268; x_wconf 88' lang='lat' dir='ltr'>iu</span> <span class='ocrx_word' id='word_1_245' title='bbox 1884 3275 1885 3290; x_wconf 12' lang='grc' dir='ltr'>χ</span> 
     </span>
    </p>
   </div>
   <div class='ocr_carea' id='block_1_9' title="bbox 423 3307 1761 5291">
    <p class='ocr_par' dir='ltr' id='par_1_11' title="bbox 423 3307 1761 5291">
     <span class='ocr_line' id='line_1_27' title="bbox 432 3307 1759 3385; baseline 0 -17"><span class='ocrx_word' id='word_1_246' title='bbox 432 3311 516 3370; x_wconf 85' lang='lat' dir='ltr'>Verr.</span> <span class='ocrx_word' id='word_1_247' title='bbox 532 3307 562 3381; x_wconf 78' lang='lat'>2,</span> <span class='ocrx_word' id='word_1_248' title='bbox 577 3307 628 3380; x_wconf 82' lang='grc'>49,</span> <span class='ocrx_word' id='word_1_249' title='bbox 646 3307 718 3366; x_wconf 65' lang='grc'><strong>1141</strong></span> <span class='ocrx_word' id='word_1_250' title='bbox 745 3307 877 3384; x_wconf 82' lang='lat' dir='ltr'>Denique</span> <span class='ocrx_word' id='word_1_251' title='bbox 897 3325 972 3366; x_wconf 78' lang='lat' dir='ltr'>asmo</span> <span class='ocrx_word' id='word_1_252' title='bbox 992 3308 1072 3378; x_wconf 80' lang='lat' dir='ltr'>uide,</span> <span class='ocrx_word' id='word_1_253' title='bbox 1095 3307 1168 3382; x_wconf 84' lang='lat' dir='ltr'>puisi</span> <span class='ocrx_word' id='word_1_254' title='bbox 1186 3311 1261 3366; x_wconf 82' lang='lat' dir='ltr'>inter</span> <span class='ocrx_word' id='word_1_255' title='bbox 1282 3316 1317 3378; x_wconf 86' lang='lat' dir='ltr'>le,</span> <span class='ocrx_word' id='word_1_256' title='bbox 1339 3312 1420 3367; x_wconf 85' lang='lat' dir='ltr'>euius</span> <span class='ocrx_word' id='word_1_257' title='bbox 1441 3313 1551 3368; x_wconf 71' lang='lat' dir='ltr'>numae</span> <span class='ocrx_word' id='word_1_258' title='bbox 1572 3309 1654 3385; x_wconf 82' lang='lat' dir='ltr'>apud</span> <span class='ocrx_word' id='word_1_259' title='bbox 1673 3307 1759 3368; x_wconf 84' lang='lat' dir='ltr'>Siou-</span> 
     </span>
     <span class='ocr_line' id='line_1_28' title="bbox 432 3407 1761 3484; baseline 0.002 -18"><span class='ocrx_word' id='word_1_260' title='bbox 432 3411 475 3470; x_wconf 84' lang='lat' dir='ltr'>los</span> <span class='ocrx_word' id='word_1_261' title='bbox 486 3412 564 3484; x_wconf 69' lang='lat' dir='ltr'>jetti</span> <span class='ocrx_word' id='word_1_262' title='bbox 590 3409 651 3467; x_wconf 82' lang='lat' dir='ltr'>dies</span> <span class='ocrx_word' id='word_1_263' title='bbox 673 3417 800 3484; x_wconf 77' lang='lat' dir='ltr'>spuatur</span> <span class='ocrx_word' id='word_1_264' title='bbox 819 3418 846 3468; x_wconf 83' lang='lat' dir='ltr'>et</span> <span class='ocrx_word' id='word_1_265' title='bbox 860 3407 1019 3484; x_wconf 72' lang='lat' dir='ltr'>praeclaro</span> <span class='ocrx_word' id='word_1_266' title='bbox 1040 3407 1095 3466; x_wconf 83' lang='lat' dir='ltr'>iliu</span> <span class='ocrx_word' id='word_1_267' title='bbox 1115 3407 1219 3467; x_wconf 84' lang='lat' dir='ltr'>Vsrrio</span> <span class='ocrx_word' id='word_1_268' title='bbox 1240 3407 1427 3479; x_wconf 81' lang='lat' dir='ltr'>eelebrentur,</span> <span class='ocrx_word' id='word_1_269' title='bbox 1455 3413 1502 3468; x_wconf 87' lang='lat' dir='ltr'>eui</span> <span class='ocrx_word' id='word_1_270' title='bbox 1522 3419 1634 3468; x_wconf 79' lang='lat' dir='ltr'>amasos</span> <span class='ocrx_word' id='word_1_271' title='bbox 1647 3410 1761 3468; x_wconf 78' lang='lat' dir='ltr'>&#39;Romae</span> 
     </span>
     <span class='ocr_line' id='line_1_29' title="bbox 431 3505 1758 3586; baseline -0.002 -15"><span class='ocrx_word' id='word_1_272' title='bbox 431 3521 509 3570; x_wconf 83' lang='lat' dir='ltr'>stunt</span> <span class='ocrx_word' id='word_1_273' title='bbox 527 3513 690 3578; x_wconf 67' lang='lat' dir='ltr'>muroena</span> <span class='ocrx_word' id='word_1_274' title='bbox 712 3525 733 3565; x_wconf 83' lang='lat' dir='ltr'>o</span> <span class='ocrx_word' id='word_1_275' title='bbox 754 3511 892 3566; x_wconf 75' lang='lat' dir='ltr'>conmuni</span> <span class='ocrx_word' id='word_1_276' title='bbox 913 3505 1042 3581; x_wconf 63' lang='lat' dir='ltr'>&amp;uillae</span> <span class='ocrx_word' id='word_1_277' title='bbox 1064 3508 1297 3584; x_wconf 73' lang='lat' dir='ltr'>quenadmodum</span> <span class='ocrx_word' id='word_1_278' title='bbox 1318 3513 1486 3586; x_wconf 69' lang='lat' dir='ltr'>intemptent</span> <span class='ocrx_word' id='word_1_279' title='bbox 1507 3512 1642 3581; x_wconf 67' lang='lat' dir='ltr'>Munus,</span> <span class='ocrx_word' id='word_1_280' title='bbox 1665 3511 1758 3570; x_wconf 79' lang='lat' dir='ltr'>dome.</span> 
     </span>
     <span class='ocr_line' id='line_1_30' title="bbox 429 3605 1760 3686; baseline 0 -18"><span class='ocrx_word' id='word_1_281' title='bbox 429 3611 471 3668; x_wconf 90' lang='lat' dir='ltr'>ib.</span> <span class='ocrx_word' id='word_1_282' title='bbox 492 3607 522 3680; x_wconf 81' lang='grc'>9,</span> <span class='ocrx_word' id='word_1_283' title='bbox 537 3607 588 3680; x_wconf 94' lang='grc'>59,</span> <span class='ocrx_word' id='word_1_284' title='bbox 606 3606 678 3666; x_wconf 62' lang='grc'><strong>1451</strong></span> <span class='ocrx_word' id='word_1_285' title='bbox 700 3605 894 3684; x_wconf 77' lang='lat' dir='ltr'>(imperasti),</span> <span class='ocrx_word' id='word_1_286' title='bbox 915 3615 947 3666; x_wconf 87' lang='lat' dir='ltr'>ut</span> <span class='ocrx_word' id='word_1_287' title='bbox 968 3607 1052 3667; x_wconf 79' lang='lat' dir='ltr'>iidem</span> <span class='ocrx_word' id='word_1_288' title='bbox 1069 3625 1127 3684; x_wconf 79' lang='lat' dir='ltr'>pro</span> <span class='ocrx_word' id='word_1_289' title='bbox 1146 3617 1231 3684; x_wconf 78' lang='lat' dir='ltr'>porte</span> <span class='ocrx_word' id='word_1_290' title='bbox 1251 3611 1283 3668; x_wconf 84' lang='lat' dir='ltr'>iss</span> <span class='ocrx_word' id='word_1_291' title='bbox 1304 3627 1446 3670; x_wconf 74' lang='lat' dir='ltr'>commune</span> <span class='ocrx_word' id='word_1_292' title='bbox 1459 3609 1585 3671; x_wconf 74' lang='lat' dir='ltr'>Siciliae.</span> <span class='ocrx_word' id='word_1_293' title='bbox 1601 3611 1760 3686; x_wconf 70' lang='lat' dir='ltr'>ooqssmem</span> 
     </span>
     <span class='ocr_line' id='line_1_31' title="bbox 431 3705 1759 3780; baseline 0.002 -12"><span class='ocrx_word' id='word_1_294' title='bbox 431 3708 462 3780; x_wconf 79' lang='grc'>9,</span> <span class='ocrx_word' id='word_1_295' title='bbox 476 3707 527 3780; x_wconf 85' lang='grc'>69,</span> <span class='ocrx_word' id='word_1_296' title='bbox 544 3707 616 3767; x_wconf 61' lang='grc'><strong>1541</strong></span> <span class='ocrx_word' id='word_1_297' title='bbox 644 3705 723 3766; x_wconf 83' lang='lat' dir='ltr'>Haie</span> <span class='ocrx_word' id='word_1_298' title='bbox 742 3710 826 3766; x_wconf 83' lang='lat' dir='ltr'>etiosa</span> <span class='ocrx_word' id='word_1_299' title='bbox 847 3708 955 3767; x_wconf 81' lang='lat' dir='ltr'>Rornae</span> <span class='ocrx_word' id='word_1_300' title='bbox 974 3709 1102 3768; x_wconf 80' lang='lat' dir='ltr'>uidemus</span> <span class='ocrx_word' id='word_1_301' title='bbox 1122 3709 1153 3766; x_wconf 85' lang='lat' dir='ltr'>iss</span> <span class='ocrx_word' id='word_1_302' title='bbox 1174 3707 1239 3768; x_wconf 84' lang='lat' dir='ltr'>bosi</span> <span class='ocrx_word' id='word_1_303' title='bbox 1259 3718 1420 3770; x_wconf 82' lang='lat' dir='ltr'>statuorum</span> <span class='ocrx_word' id='word_1_304' title='bbox 1439 3715 1570 3771; x_wconf 69' lang='lat' dir='ltr'>nmmo</span> <span class='ocrx_word' id='word_1_305' title='bbox 1592 3711 1693 3772; x_wconf 81' lang='lat' dir='ltr'>litteris</span> <span class='ocrx_word' id='word_1_306' title='bbox 1714 3714 1759 3770; x_wconf 84' lang='lat' dir='ltr'>in·</span> 
     </span>
     <span class='ocr_line' id='line_1_32' title="bbox 431 3805 1758 3888; baseline 0.001 -19"><span class='ocrx_word' id='word_1_307' title='bbox 431 3813 528 3879; x_wconf 66' lang='lat' dir='ltr'>eamn,</span> <span class='ocrx_word' id='word_1_308' title='bbox 550 3827 571 3867; x_wconf 85' lang='lat' dir='ltr'>o</span> <span class='ocrx_word' id='word_1_309' title='bbox 592 3811 731 3868; x_wconf 76' lang='lat' dir='ltr'>eommuai</span> <span class='ocrx_word' id='word_1_310' title='bbox 751 3807 871 3868; x_wconf 68' lang='lat' dir='ltr'>bioiiiue</span> <span class='ocrx_word' id='word_1_311' title='bbox 891 3809 985 3867; x_wconf 82' lang='lat' dir='ltr'>dotas.</span> <span class='ocrx_word' id='word_1_312' title='bbox 1024 3807 1073 3868; x_wconf 80' lang='lat' dir='ltr'>ct.</span> <span class='ocrx_word' id='word_1_313' title='bbox 1096 3805 1283 3882; x_wconf 58' lang='grc'><strong>1411091</strong></span> <span class='ocrx_word' id='word_1_314' title='bbox 1304 3811 1386 3870; x_wconf 86' lang='lat' dir='ltr'>Dieit</span> <span class='ocrx_word' id='word_1_315' title='bbox 1404 3823 1553 3888; x_wconf 76' lang='lat' dir='ltr'>praetem</span> <span class='ocrx_word' id='word_1_316' title='bbox 1574 3815 1758 3872; x_wconf 69' lang='lat' dir='ltr'>eromenion</span> 
     </span>
     <span class='ocr_line' id='line_1_33' title="bbox 431 3908 1757 3986; baseline 0.002 -18"><span class='ocrx_word' id='word_1_317' title='bbox 431 3920 491 3970; x_wconf 86' lang='lat' dir='ltr'>totu</span> <span class='ocrx_word' id='word_1_318' title='bbox 505 3908 620 3980; x_wconf 70' lang='lat' dir='ltr'>Sicilie,</span> <span class='ocrx_word' id='word_1_319' title='bbox 643 3927 716 3985; x_wconf 80' lang='lat' dir='ltr'>quae</span> <span class='ocrx_word' id='word_1_320' title='bbox 737 3913 767 3966; x_wconf 84' lang='lat' dir='ltr'>in</span> <span class='ocrx_word' id='word_1_321' title='bbox 789 3909 977 3969; x_wconf 77' lang='lat' dir='ltr'>commeatibus</span> <span class='ocrx_word' id='word_1_322' title='bbox 994 3909 1152 3986; x_wconf 77' lang='lat' dir='ltr'>postulatis</span> <span class='ocrx_word' id='word_1_323' title='bbox 1174 3915 1320 3972; x_wconf 76' lang='lat' dir='ltr'>civitatum</span> <span class='ocrx_word' id='word_1_324' title='bbox 1340 3915 1463 3971; x_wconf 82' lang='lat' dir='ltr'>omnium</span> <span class='ocrx_word' id='word_1_325' title='bbox 1482 3912 1644 3973; x_wconf 83' lang='lat' dir='ltr'>oonsulibus</span> <span class='ocrx_word' id='word_1_326' title='bbox 1659 3913 1757 3981; x_wconf 80' lang='lat' dir='ltr'>edidit,</span> 
     </span>
     <span class='ocr_line' id='line_1_34' title="bbox 431 4012 1758 4088; baseline 0.002 -18"><span class='ocrx_word' id='word_1_327' title='bbox 431 4027 551 4088; x_wconf 74' lang='lat' dir='ltr'>,rogum</span> <span class='ocrx_word' id='word_1_328' title='bbox 570 4021 656 4085; x_wconf 84' lang='lat' dir='ltr'>utque</span> <span class='ocrx_word' id='word_1_329' title='bbox 677 4025 761 4070; x_wconf 83' lang='lat' dir='ltr'>orere</span> <span class='ocrx_word' id='word_1_330' title='bbox 779 4021 876 4085; x_wconf 81' lang='lat' dir='ltr'>petrea</span> <span class='ocrx_word' id='word_1_331' title='bbox 898 4013 1082 4085; x_wconf 81' lang='lat' dir='ltr'>eonseriptoa,</span> <span class='ocrx_word' id='word_1_332' title='bbox 1104 4021 1136 4071; x_wconf 81' lang='lat' dir='ltr'>ut</span> <span class='ocrx_word' id='word_1_333' title='bbox 1155 4022 1318 4085; x_wconf 65' lang='lat' dir='ltr'>emesam,</span> <span class='ocrx_word' id='word_1_334' title='bbox 1339 4031 1375 4072; x_wconf 84' lang='lat' dir='ltr'>ns</span> <span class='ocrx_word' id='word_1_335' title='bbox 1388 4012 1545 4072; x_wconf 79' lang='lat' dir='ltr'>absentium</span> <span class='ocrx_word' id='word_1_336' title='bbox 1557 4016 1674 4071; x_wconf 65' lang='lat' dir='ltr'>nesano</span> <span class='ocrx_word' id='word_1_337' title='bbox 1687 4017 1758 4072; x_wconf 87' lang='lat' dir='ltr'>reei-</span> 
     </span>
     <span class='ocr_line' id='line_1_35' title="bbox 426 4106 1756 4190; baseline -0.002 -18"><span class='ocrx_word' id='word_1_338' title='bbox 426 4119 574 4186; x_wconf 68' lang='lat' dir='ltr'>pumma</span> <span class='ocrx_word' id='word_1_339' title='bbox 618 4106 647 4184; x_wconf 81' lang='lat'>2,</span> <span class='ocrx_word' id='word_1_340' title='bbox 667 4109 717 4182; x_wconf 91' lang='grc'>59,</span> <span class='ocrx_word' id='word_1_341' title='bbox 736 4107 807 4168; x_wconf 80' lang='lat' dir='ltr'>uo:</span> <span class='ocrx_word' id='word_1_342' title='bbox 833 4109 911 4169; x_wconf 82' lang='lat' dir='ltr'>Nuus</span> <span class='ocrx_word' id='word_1_343' title='bbox 933 4109 1086 4188; x_wconf 56' lang='lat' dir='ltr'>muliones</span> <span class='ocrx_word' id='word_1_344' title='bbox 1107 4116 1229 4172; x_wconf 78' lang='lat' dir='ltr'>omnium</span> <span class='ocrx_word' id='word_1_345' title='bbox 1251 4115 1395 4190; x_wconf 52' lang='lat' dir='ltr'>&amp;batum</span> <span class='ocrx_word' id='word_1_346' title='bbox 1415 4119 1446 4172; x_wconf 86' lang='lat' dir='ltr'>in</span> <span class='ocrx_word' id='word_1_347' title='bbox 1462 4113 1620 4189; x_wconf 68' lang='lat' dir='ltr'>postuletis</span> <span class='ocrx_word' id='word_1_348' title='bbox 1638 4131 1756 4172; x_wconf 73' lang='lat' dir='ltr'>commu</span> 
     </span>
     <span class='ocr_line' id='line_1_36' title="bbox 428 4210 1758 4290; baseline 0.002 -20"><span class='ocrx_word' id='word_1_349' title='bbox 428 4211 512 4270; x_wconf 78' lang='lat' dir='ltr'>nibres</span> <span class='ocrx_word' id='word_1_350' title='bbox 533 4245 572 4256; x_wconf 90' lang='grc'>-</span> <span class='ocrx_word' id='word_1_351' title='bbox 595 4213 680 4269; x_wconf 84' lang='lat' dir='ltr'>etiam</span> <span class='ocrx_word' id='word_1_352' title='bbox 700 4210 753 4269; x_wconf 81' lang='lat' dir='ltr'>boe</span> <span class='ocrx_word' id='word_1_353' title='bbox 774 4211 930 4284; x_wconf 83' lang='lat' dir='ltr'>ediderunt,</span> <span class='ocrx_word' id='word_1_354' title='bbox 952 4219 984 4269; x_wconf 84' lang='lat' dir='ltr'>ut</span> <span class='ocrx_word' id='word_1_355' title='bbox 1004 4220 1117 4270; x_wconf 80' lang='lat' dir='ltr'>statuas</span> <span class='ocrx_word' id='word_1_356' title='bbox 1137 4229 1173 4270; x_wconf 81' lang='lat' dir='ltr'>aa</span> <span class='ocrx_word' id='word_1_357' title='bbox 1193 4217 1253 4284; x_wconf 85' lang='lat' dir='ltr'>essi,</span> <span class='ocrx_word' id='word_1_358' title='bbox 1274 4217 1334 4273; x_wconf 84' lang='lat' dir='ltr'>nisi</span> <span class='ocrx_word' id='word_1_359' title='bbox 1354 4233 1416 4274; x_wconf 85' lang='lat' dir='ltr'>eum</span> <span class='ocrx_word' id='word_1_360' title='bbox 1437 4217 1464 4272; x_wconf 88' lang='lat' dir='ltr'>is</span> <span class='ocrx_word' id='word_1_361' title='bbox 1485 4215 1520 4272; x_wconf 83' lang='lat' dir='ltr'>de</span> <span class='ocrx_word' id='word_1_362' title='bbox 1537 4215 1688 4290; x_wconf 67' lang='lat' dir='ltr'>propinem</span> <span class='ocrx_word' id='word_1_363' title='bbox 1709 4215 1758 4272; x_wconf 82' lang='lat' dir='ltr'>de·</span> 
     </span>
     <span class='ocr_line' id='line_1_37' title="bbox 430 4309 1759 4387; baseline 0.001 -17"><span class='ocrx_word' id='word_1_364' title='bbox 430 4314 567 4382; x_wconf 69' lang='lat' dir='ltr'>minuet,</span> <span class='ocrx_word' id='word_1_365' title='bbox 584 4309 796 4387; x_wconf 72' lang='lat' dir='ltr'>pollieaeentar.</span> <span class='ocrx_word' id='word_1_366' title='bbox 829 4310 941 4370; x_wconf 84' lang='lat' dir='ltr'>Postea</span> <span class='ocrx_word' id='word_1_367' title='bbox 961 4309 1050 4370; x_wconf 85' lang='lat' dir='ltr'>huius</span> <span class='ocrx_word' id='word_1_368' title='bbox 1069 4309 1190 4371; x_wconf 89' lang='lat' dir='ltr'>oouoilii</span> <span class='ocrx_word' id='word_1_369' title='bbox 1208 4313 1294 4372; x_wconf 87' lang='lat' dir='ltr'>nulla</span> <span class='ocrx_word' id='word_1_370' title='bbox 1312 4313 1472 4375; x_wconf 80' lang='lat' dir='ltr'>asmentia</span> <span class='ocrx_word' id='word_1_371' title='bbox 1486 4331 1542 4373; x_wconf 89' lang='lat' dir='ltr'>neo</span> <span class='ocrx_word' id='word_1_372' title='bbox 1556 4313 1759 4372; x_wconf 76' lang='lat' dir='ltr'>aamrdotium</span> 
     </span>
     <span class='ocr_line' id='line_1_38' title="bbox 430 4410 1760 4490; baseline 0.002 -20"><span class='ocrx_word' id='word_1_373' title='bbox 430 4410 601 4485; x_wconf 84' lang='lat' dir='ltr'>provinoiae</span> <span class='ocrx_word' id='word_1_374' title='bbox 626 4410 742 4482; x_wconf 80' lang='lat' dir='ltr'>iuveni,</span> <span class='ocrx_word' id='word_1_375' title='bbox 768 4429 940 4488; x_wconf 86' lang='lat' dir='ltr'>quanquam</span> <span class='ocrx_word' id='word_1_376' title='bbox 961 4429 1030 4470; x_wconf 90' lang='lat' dir='ltr'>oum</span> <span class='ocrx_word' id='word_1_377' title='bbox 1050 4411 1210 4473; x_wconf 84' lang='lat' dir='ltr'>Messanae</span> <span class='ocrx_word' id='word_1_378' title='bbox 1230 4413 1342 4473; x_wconf 77' lang='lat' dir='ltr'>inerint</span> <span class='ocrx_word' id='word_1_379' title='bbox 1362 4424 1394 4474; x_wconf 92' lang='lat' dir='ltr'>et</span> <span class='ocrx_word' id='word_1_380' title='bbox 1415 4415 1513 4474; x_wconf 84' lang='lat' dir='ltr'>VIuiri</span> <span class='ocrx_word' id='word_1_381' title='bbox 1534 4411 1708 4490; x_wconf 78' lang='lat' dir='ltr'>Augustales</span> <span class='ocrx_word' id='word_1_382' title='bbox 1727 4421 1760 4472; x_wconf 86' lang='lat' dir='ltr'>et</span> 
     </span>
     <span class='ocr_line' id='line_1_39' title="bbox 423 4508 1760 4592; baseline 0.001 -23"><span class='ocrx_word' id='word_1_383' title='bbox 423 4510 575 4582; x_wconf 69' lang='lat' dir='ltr'>flaminiae</span> <span class='ocrx_word' id='word_1_384' title='bbox 595 4509 679 4582; x_wconf 82' lang='lat' dir='ltr'>dieue</span> <span class='ocrx_word' id='word_1_385' title='bbox 693 4508 768 4586; x_wconf 80' lang='lat' dir='ltr'>Aug.</span> <span class='ocrx_word' id='word_1_386' title='bbox 790 4510 1010 4588; x_wconf 78' lang='lat' dir='ltr'>(Torremuua</span> <span class='ocrx_word' id='word_1_387' title='bbox 1030 4509 1153 4572; x_wconf 75' lang='lat' dir='ltr'>Siciliae</span> <span class='ocrx_word' id='word_1_388' title='bbox 1168 4517 1255 4574; x_wconf 81' lang='lat' dir='ltr'>inser.</span> <span class='ocrx_word' id='word_1_389' title='bbox 1277 4514 1474 4592; x_wconf 79' lang='lat' dir='ltr'>e1,4.2t),</span> <span class='ocrx_word' id='word_1_390' title='bbox 1497 4513 1639 4573; x_wconf 79' lang='lat' dir='ltr'>Panormi</span> <span class='ocrx_word' id='word_1_391' title='bbox 1659 4513 1760 4573; x_wconf 82' lang='lat' dir='ltr'>Vlvs&#39;rs&#39;</span> 
     </span>
     <span class='ocr_line' id='line_1_40' title="bbox 430 4607 1757 4692; baseline 0.005 -26"><span class='ocrx_word' id='word_1_392' title='bbox 430 4607 508 4684; x_wconf 81' lang='lat' dir='ltr'>Aug.</span> <span class='ocrx_word' id='word_1_393' title='bbox 535 4607 594 4681; x_wconf 90' lang='lat' dir='ltr'>(ib.</span> <span class='ocrx_word' id='word_1_394' title='bbox 616 4608 840 4685; x_wconf 78' lang='lat' dir='ltr'>e.1,10.29),</span> <span class='ocrx_word' id='word_1_395' title='bbox 865 4609 1005 4688; x_wconf 82' lang='lat' dir='ltr'>Lilybaei</span> <span class='ocrx_word' id='word_1_396' title='bbox 1019 4611 1127 4688; x_wconf 80' lang='lat' dir='ltr'>flumen</span> <span class='ocrx_word' id='word_1_397' title='bbox 1148 4615 1214 4690; x_wconf 84' lang='lat' dir='ltr'>imp.</span> <span class='ocrx_word' id='word_1_398' title='bbox 1235 4613 1374 4674; x_wconf 77' lang='lat' dir='ltr'>Antonini</span> <span class='ocrx_word' id='word_1_399' title='bbox 1394 4625 1421 4675; x_wconf 84' lang='lat' dir='ltr'>et</span> <span class='ocrx_word' id='word_1_400' title='bbox 1432 4615 1583 4692; x_wconf 72' lang='lat' dir='ltr'>fluminea</span> <span class='ocrx_word' id='word_1_401' title='bbox 1604 4613 1664 4689; x_wconf 85' lang='lat' dir='ltr'>(ib.</span> <span class='ocrx_word' id='word_1_402' title='bbox 1686 4633 1712 4674; x_wconf 91' lang='lat' dir='ltr'>o.</span> <span class='ocrx_word' id='word_1_403' title='bbox 1728 4615 1757 4684; x_wconf 79' lang='lat'>8,</span> 
     </span>
     <span class='ocr_line' id='line_1_41' title="bbox 431 4705 1758 4791; baseline 0.007 -25"><span class='ocrx_word' id='word_1_404' title='bbox 431 4707 520 4783; x_wconf 82' lang='grc'><strong>51),</strong></span> <span class='ocrx_word' id='word_1_405' title='bbox 541 4705 681 4768; x_wconf 84' lang='lat' dir='ltr'>Thermia</span> <span class='ocrx_word' id='word_1_406' title='bbox 703 4727 758 4770; x_wconf 82' lang='lat' dir='ltr'>aro</span> <span class='ocrx_word' id='word_1_407' title='bbox 778 4715 846 4788; x_wconf 76' lang='lat' dir='ltr'>inp.</span> <span class='ocrx_word' id='word_1_408' title='bbox 865 4711 947 4774; x_wconf 72' lang='lat' dir='ltr'>om.</span> <span class='ocrx_word' id='word_1_409' title='bbox 970 4711 1074 4790; x_wconf 74' lang='lat' dir='ltr'>(Aug.)</span> <span class='ocrx_word' id='word_1_410' title='bbox 1097 4722 1124 4772; x_wconf 88' lang='lat' dir='ltr'>st</span> <span class='ocrx_word' id='word_1_411' title='bbox 1143 4712 1254 4790; x_wconf 85' lang='lat' dir='ltr'>Ioi(s’ue</span> <span class='ocrx_word' id='word_1_412' title='bbox 1267 4711 1431 4791; x_wconf 77' lang='lat' dir='ltr'>Aupustoe)</span> <span class='ocrx_word' id='word_1_413' title='bbox 1451 4713 1582 4790; x_wconf 59' lang='lat' dir='ltr'>mutia)</span> <span class='ocrx_word' id='word_1_414' title='bbox 1604 4718 1672 4791; x_wconf 75' lang='lat' dir='ltr'>inp.</span> <span class='ocrx_word' id='word_1_415' title='bbox 1689 4713 1758 4775; x_wconf 79' lang='lat' dir='ltr'>Gue-</span> 
     </span>
     <span class='ocr_line' id='line_1_42' title="bbox 430 4804 1760 4891; baseline 0.002 -24"><span class='ocrx_word' id='word_1_416' title='bbox 430 4807 521 4884; x_wconf 69' lang='lat' dir='ltr'>(sm&#39;e</span> <span class='ocrx_word' id='word_1_417' title='bbox 543 4807 651 4868; x_wconf 72' lang='lat' dir='ltr'>Tiberii</span> <span class='ocrx_word' id='word_1_418' title='bbox 671 4809 784 4888; x_wconf 64' lang='lat' dir='ltr'>Aegi)</span> <span class='ocrx_word' id='word_1_419' title='bbox 811 4809 868 4886; x_wconf 85' lang='lat' dir='ltr'>(ib.</span> <span class='ocrx_word' id='word_1_420' title='bbox 892 4813 928 4884; x_wconf 89' lang='grc'>4,</span> <span class='ocrx_word' id='word_1_421' title='bbox 944 4811 994 4890; x_wconf 85' lang='grc'>5),</span> <span class='ocrx_word' id='word_1_422' title='bbox 1021 4812 1145 4872; x_wconf 73' lang='lat' dir='ltr'>Melitae</span> <span class='ocrx_word' id='word_1_423' title='bbox 1163 4809 1267 4876; x_wconf 71' lang='lat' dir='ltr'>iunio</span> <span class='ocrx_word' id='word_1_424' title='bbox 1285 4807 1428 4883; x_wconf 72' lang='lat' dir='ltr'>‘Paneiou</span> <span class='ocrx_word' id='word_1_425' title='bbox 1448 4804 1672 4891; x_wconf 65' lang='grc' dir='ltr'>ἀμφιπολεύεις</span> <span class='ocrx_word' id='word_1_426' title='bbox 1692 4809 1760 4888; x_wconf 70' lang='grc' dir='ltr'>θεῷ</span> 
     </span>
     <span class='ocr_line' id='line_1_43' title="bbox 429 4897 1759 4992; baseline 0.007 -28"><span class='ocrx_word' id='word_1_427' title='bbox 429 4897 590 4990; x_wconf 60' lang='lat' dir='ltr'>sigeberg</span> <span class='ocrx_word' id='word_1_428' title='bbox 612 4905 662 4986; x_wconf 83' lang='lat' dir='ltr'>(G.</span> <span class='ocrx_word' id='word_1_429' title='bbox 679 4909 703 4969; x_wconf 90' lang='grc'><strong>1.</strong></span> <span class='ocrx_word' id='word_1_430' title='bbox 719 4907 772 4971; x_wconf 82' lang='lat' dir='ltr'>Gr.</span> <span class='ocrx_word' id='word_1_431' title='bbox 795 4932 824 4970; x_wconf 88' lang='lat' dir='ltr'>n.</span> <span class='ocrx_word' id='word_1_432' title='bbox 840 4911 951 4988; x_wconf 85' lang='grc'><strong>5754),</strong></span> <span class='ocrx_word' id='word_1_433' title='bbox 978 4913 1106 4990; x_wconf 85' lang='lat' dir='ltr'>denique</span> <span class='ocrx_word' id='word_1_434' title='bbox 1130 4913 1164 4974; x_wconf 89' lang='lat' dir='ltr'>iu</span> <span class='ocrx_word' id='word_1_435' title='bbox 1189 4913 1291 4974; x_wconf 84' lang='lat' dir='ltr'>insula</span> <span class='ocrx_word' id='word_1_436' title='bbox 1311 4912 1406 4976; x_wconf 84' lang='lat' dir='ltr'>Gsuli</span> <span class='ocrx_word' id='word_1_437' title='bbox 1423 4915 1533 4991; x_wconf 76' lang='lat' dir='ltr'>stamen</span> <span class='ocrx_word' id='word_1_438' title='bbox 1550 4919 1643 4992; x_wconf 81' lang='lat' dir='ltr'>psatis</span> <span class='ocrx_word' id='word_1_439' title='bbox 1663 4913 1759 4974; x_wconf 83' lang='lat' dir='ltr'>Iuliae</span> 
     </span>
     <span class='ocr_line' id='line_1_44' title="bbox 431 5011 1758 5092; baseline 0.005 -27"><span class='ocrx_word' id='word_1_440' title='bbox 431 5012 546 5082; x_wconf 79' lang='lat' dir='ltr'>eiusque</span> <span class='ocrx_word' id='word_1_441' title='bbox 565 5027 638 5068; x_wconf 82' lang='lat' dir='ltr'>neor</span> <span class='ocrx_word' id='word_1_442' title='bbox 657 5013 792 5072; x_wconf 65' lang='lat' dir='ltr'>suemus</span> <span class='ocrx_word' id='word_1_443' title='bbox 811 5011 981 5089; x_wconf 80' lang='lat' dir='ltr'>Aupustulis</span> <span class='ocrx_word' id='word_1_444' title='bbox 1002 5011 1113 5089; x_wconf 90' lang='lat' dir='ltr'>(Orell.</span> <span class='ocrx_word' id='word_1_445' title='bbox 1129 5011 1215 5090; x_wconf 86' lang='grc'><strong>618),</strong></span> <span class='ocrx_word' id='word_1_446' title='bbox 1237 5034 1275 5075; x_wconf 88' lang='lat' dir='ltr'>ne</span> <span class='ocrx_word' id='word_1_447' title='bbox 1295 5014 1480 5092; x_wconf 77' lang='lat' dir='ltr'>provinciam</span> <span class='ocrx_word' id='word_1_448' title='bbox 1502 5015 1620 5092; x_wconf 83' lang='lat' dir='ltr'>quidem</span> <span class='ocrx_word' id='word_1_449' title='bbox 1640 5031 1758 5074; x_wconf 87' lang='lat' dir='ltr'>omnem</span> 
     </span>
     <span class='ocr_line' id='line_1_45' title="bbox 431 5101 1302 5192; baseline 0.011 -26"><span class='ocrx_word' id='word_1_450' title='bbox 431 5125 450 5166; x_wconf 88' lang='lat' dir='ltr'>a</span> <span class='ocrx_word' id='word_1_451' title='bbox 470 5108 554 5172; x_wconf 86' lang='lat' dir='ltr'>uultu</span> <span class='ocrx_word' id='word_1_452' title='bbox 574 5109 681 5170; x_wconf 85' lang='lat' dir='ltr'>domus</span> <span class='ocrx_word' id='word_1_453' title='bbox 703 5101 860 5192; x_wconf 83' lang='lat' dir='ltr'>Augustae</span> <span class='ocrx_word' id='word_1_454' title='bbox 880 5112 1061 5172; x_wconf 79' lang='lat' dir='ltr'>abstinuisse</span> <span class='ocrx_word' id='word_1_455' title='bbox 1081 5113 1226 5176; x_wconf 81' lang='lat' dir='ltr'>oredibile</span> <span class='ocrx_word' id='word_1_456' title='bbox 1247 5125 1302 5176; x_wconf 84' lang='lat' dir='ltr'>eat.</span> 
     </span>
     <span class='ocr_line' id='line_1_46' title="bbox 516 5207 1720 5291; baseline 0.004 -22"><span class='ocrx_word' id='word_1_457' title='bbox 516 5208 544 5268; x_wconf 91' lang='grc'>5.</span> <span class='ocrx_word' id='word_1_458' title='bbox 588 5207 763 5272; x_wconf 74' lang='lat' dir='ltr'>Summas</span> <span class='ocrx_word' id='word_1_459' title='bbox 783 5211 973 5274; x_wconf 65' lang='lat' dir='ltr'>menone</span> <span class='ocrx_word' id='word_1_460' title='bbox 993 5213 1184 5291; x_wconf 83' lang='lat' dir='ltr'>&#39;reperiuntur</span> <span class='ocrx_word' id='word_1_461' title='bbox 1204 5215 1236 5274; x_wconf 87' lang='lat' dir='ltr'>iu</span> <span class='ocrx_word' id='word_1_462' title='bbox 1250 5214 1368 5276; x_wconf 82' lang='lat' dir='ltr'>duabus</span> <span class='ocrx_word' id='word_1_463' title='bbox 1383 5216 1472 5276; x_wconf 84' lang='lat' dir='ltr'>inser.</span> <span class='ocrx_word' id='word_1_464' title='bbox 1488 5214 1615 5278; x_wconf 75' lang='lat' dir='ltr'>Banasa</span> <span class='ocrx_word' id='word_1_465' title='bbox 1629 5214 1720 5276; x_wconf 82' lang='grc'><strong>5969.</strong></span> 
     </span>
    </p>
   </div>
   <div class='ocr_carea' id='block_1_10' title="bbox 0 0 1918 5962">
    <p class='ocr_par' dir='ltr' id='par_1_12' title="bbox 0 0 1918 5962">
     <span class='ocr_line' id='line_1_47' title="bbox 0 0 1918 5962; baseline 0 2"><span class='ocrx_word' id='word_1_466' title='bbox 0 0 1918 5962; x_wconf 95' lang='lat' dir='ltr'> </span> 
     </span>
    </p>
   </div>
  </div>
 </body>
</html>
