<?xml version="1.0" encoding="UTF-8"?>
<!DOCTYPE html PUBLIC "-//W3C//DTD XHTML 1.0 Transitional//EN"
    "http://www.w3.org/TR/xhtml1/DTD/xhtml1-transitional.dtd">
<html xmlns="http://www.w3.org/1999/xhtml" xml:lang="en" lang="en">
 <head>
  <title>
</title>
<meta http-equiv="Content-Type" content="text/html;charset=utf-8" />
  <meta name='ocr-system' content='tesseract 3.04.00' />
  <meta name='ocr-capabilities' content='ocr_page ocr_carea ocr_par ocr_line ocrx_word'/>
</head>
<body>
  <div class='ocr_page' id='page_1' title='image "./ephemerisepigra01henzgoog_0037.png"; bbox 0 0 3812 5960; ppageno 0'>
   <div class='ocr_carea' id='block_1_1' title="bbox 414 573 1746 674">
    <p class='ocr_par' dir='ltr' id='par_1_1' title="bbox 414 573 1746 674">
     <span class='ocr_line' id='line_1_1' title="bbox 414 573 1746 674; baseline 0 -30"><span class='ocrx_word' id='word_1_1' title='bbox 414 573 458 646; x_wconf 91' lang='grc'><strong>16</strong></span> <span class='ocrx_word' id='word_1_2' title='bbox 937 585 1211 640; x_wconf 73' lang='lat' dir='ltr'><strong>spumantem</strong></span> <span class='ocrx_word' id='word_1_3' title='bbox 1236 663 1241 674; x_wconf 27' lang='lat'>¹</span> <span class='ocrx_word' id='word_1_4' title='bbox 1645 593 1746 644; x_wconf 60' lang='lat' dir='ltr'><strong>saer</strong></span> 
     </span>
    </p>
   </div>
   <div class='ocr_carea' id='block_1_2' title="bbox 408 759 1748 3160">
    <p class='ocr_par' dir='ltr' id='par_1_2' title="bbox 408 759 1748 3160">
     <span class='ocr_line' id='line_1_2' title="bbox 410 759 1747 836; baseline -0.003 -12"><span class='ocrx_word' id='word_1_5' title='bbox 410 765 520 834; x_wconf 88' lang='lat' dir='ltr'><strong>missa,</strong></span> <span class='ocrx_word' id='word_1_6' title='bbox 547 761 624 821; x_wconf 86' lang='lat' dir='ltr'><strong>alios</strong></span> <span class='ocrx_word' id='word_1_7' title='bbox 651 759 691 820; x_wconf 89' lang='lat' dir='ltr'><strong>ad</strong></span> <span class='ocrx_word' id='word_1_8' title='bbox 717 759 877 820; x_wconf 80' lang='lat' dir='ltr'><strong>editionem</strong></span> <span class='ocrx_word' id='word_1_9' title='bbox 897 759 1036 819; x_wconf 82' lang='lat' dir='ltr'><strong>Henzeni</strong></span> <span class='ocrx_word' id='word_1_10' title='bbox 1056 760 1189 818; x_wconf 87' lang='lat' dir='ltr'><strong>maxime</strong></span> <span class='ocrx_word' id='word_1_11' title='bbox 1211 777 1284 818; x_wconf 87' lang='lat' dir='ltr'><strong>cura</strong></span> <span class='ocrx_word' id='word_1_12' title='bbox 1306 765 1441 836; x_wconf 86' lang='lat' dir='ltr'><strong>paratam</strong></span> <span class='ocrx_word' id='word_1_13' title='bbox 1462 760 1494 817; x_wconf 94' lang='lat' dir='ltr'><strong>in</strong></span> <span class='ocrx_word' id='word_1_14' title='bbox 1516 761 1592 822; x_wconf 88' lang='lat' dir='ltr'><strong>actis</strong></span> <span class='ocrx_word' id='word_1_15' title='bbox 1612 761 1747 822; x_wconf 88' lang='lat' dir='ltr'><strong>instituti</strong></span> 
     </span>
     <span class='ocr_line' id='line_1_3' title="bbox 410 859 1748 941; baseline -0.001 -17"><span class='ocrx_word' id='word_1_16' title='bbox 410 862 631 940; x_wconf 80' lang='lat' dir='ltr'><strong>archaeologici</strong></span> <span class='ocrx_word' id='word_1_17' title='bbox 650 881 705 941; x_wconf 89' lang='lat' dir='ltr'><strong>per</strong></span> <span class='ocrx_word' id='word_1_18' title='bbox 725 862 783 922; x_wconf 88' lang='lat' dir='ltr'><strong>bos</strong></span> <span class='ocrx_word' id='word_1_19' title='bbox 805 877 900 920; x_wconf 89' lang='lat' dir='ltr'><strong>annos</strong></span> <span class='ocrx_word' id='word_1_20' title='bbox 915 860 1013 932; x_wconf 90' lang='lat' dir='ltr'><strong>editis,</strong></span> <span class='ocrx_word' id='word_1_21' title='bbox 1034 861 1194 937; x_wconf 89' lang='lat' dir='ltr'><strong>plerosque</strong></span> <span class='ocrx_word' id='word_1_22' title='bbox 1211 866 1312 920; x_wconf 89' lang='lat' dir='ltr'><strong>autem</strong></span> <span class='ocrx_word' id='word_1_23' title='bbox 1334 859 1463 936; x_wconf 87' lang='lat' dir='ltr'><strong>(scilicet</strong></span> <span class='ocrx_word' id='word_1_24' title='bbox 1477 869 1625 938; x_wconf 76' lang='lat' dir='ltr'><strong>quotquot</strong></span> <span class='ocrx_word' id='word_1_25' title='bbox 1639 873 1748 923; x_wconf 89' lang='lat' dir='ltr'><strong>carent</strong></span> 
     </span>
     <span class='ocr_line' id='line_1_4' title="bbox 410 961 1746 1041; baseline -0.002 -16"><span class='ocrx_word' id='word_1_26' title='bbox 410 965 570 1041; x_wconf 90' lang='lat' dir='ltr'><strong>asterisco)</strong></span> <span class='ocrx_word' id='word_1_27' title='bbox 593 965 631 1023; x_wconf 84' lang='lat' dir='ltr'><strong>ab</strong></span> <span class='ocrx_word' id='word_1_28' title='bbox 646 962 758 1022; x_wconf 87' lang='lat' dir='ltr'><strong>Adollo</strong></span> <span class='ocrx_word' id='word_1_29' title='bbox 773 961 1035 1040; x_wconf 80' lang='lat' dir='ltr'><strong>Trendelenburg‚</strong></span> <span class='ocrx_word' id='word_1_30' title='bbox 1057 963 1110 1038; x_wconf 92' lang='lat' dir='ltr'><strong>qui</strong></span> <span class='ocrx_word' id='word_1_31' title='bbox 1131 979 1149 1019; x_wconf 93' lang='lat' dir='ltr'><strong>a</strong></span> <span class='ocrx_word' id='word_1_32' title='bbox 1170 961 1258 1020; x_wconf 89' lang='lat' dir='ltr'><strong>uobis</strong></span> <span class='ocrx_word' id='word_1_33' title='bbox 1278 970 1403 1038; x_wconf 82' lang='lat' dir='ltr'><strong>rogatus</strong></span> <span class='ocrx_word' id='word_1_34' title='bbox 1425 961 1464 1020; x_wconf 90' lang='lat' dir='ltr'><strong>ob</strong></span> <span class='ocrx_word' id='word_1_35' title='bbox 1480 979 1547 1021; x_wconf 91' lang='lat' dir='ltr'><strong>eam</strong></span> <span class='ocrx_word' id='word_1_36' title='bbox 1561 982 1624 1022; x_wconf 90' lang='lat' dir='ltr'><strong>rem</strong></span> <span class='ocrx_word' id='word_1_37' title='bbox 1638 983 1746 1024; x_wconf 90' lang='lat' dir='ltr'><strong>mense</strong></span> 
     </span>
     <span class='ocr_line' id='line_1_5' title="bbox 411 1062 1747 1142; baseline -0.001 -16"><span class='ocrx_word' id='word_1_38' title='bbox 411 1064 534 1126; x_wconf 80' lang='lat' dir='ltr'><strong>Octobri</strong></span> <span class='ocrx_word' id='word_1_39' title='bbox 556 1084 584 1123; x_wconf 88' lang='lat' dir='ltr'><strong>a.</strong></span> <span class='ocrx_word' id='word_1_40' title='bbox 598 1064 675 1124; x_wconf 89' lang='grc'><strong>1871</strong></span> <span class='ocrx_word' id='word_1_41' title='bbox 693 1063 857 1124; x_wconf 78' lang='lat' dir='ltr'><strong>Praeneste</strong></span> <span class='ocrx_word' id='word_1_42' title='bbox 878 1063 962 1136; x_wconf 89' lang='lat' dir='ltr'><strong>adiit,</strong></span> <span class='ocrx_word' id='word_1_43' title='bbox 984 1063 1212 1140; x_wconf 71' lang='lat' dir='ltr'><strong>diligentissime</strong></span> <span class='ocrx_word' id='word_1_44' title='bbox 1234 1063 1403 1142; x_wconf 82' lang='lat' dir='ltr'><strong>recognitos</strong></span> <span class='ocrx_word' id='word_1_45' title='bbox 1418 1062 1467 1122; x_wconf 87' lang='lat' dir='ltr'><strong>vel</strong></span> <span class='ocrx_word' id='word_1_46' title='bbox 1483 1063 1571 1122; x_wconf 90' lang='lat' dir='ltr'><strong>etiam</strong></span> <span class='ocrx_word' id='word_1_47' title='bbox 1586 1083 1667 1124; x_wconf 84' lang='lat' dir='ltr'><strong>nnnc</strong></span> <span class='ocrx_word' id='word_1_48' title='bbox 1682 1067 1747 1141; x_wconf 89' lang='lat' dir='ltr'><strong>pri·</strong></span> 
     </span>
     <span class='ocr_line' id='line_1_6' title="bbox 409 1163 1747 1242; baseline -0.001 -16"><span class='ocrx_word' id='word_1_49' title='bbox 409 1185 492 1226; x_wconf 89' lang='lat' dir='ltr'><strong>mum</strong></span> <span class='ocrx_word' id='word_1_50' title='bbox 512 1165 688 1242; x_wconf 89' lang='lat' dir='ltr'><strong>descriptos.</strong></span> <span class='ocrx_word' id='word_1_51' title='bbox 722 1163 847 1238; x_wconf 79' lang='lat' dir='ltr'><strong>Locum,</strong></span> <span class='ocrx_word' id='word_1_52' title='bbox 870 1183 958 1241; x_wconf 90' lang='lat' dir='ltr'><strong>quem</strong></span> <span class='ocrx_word' id='word_1_53' title='bbox 980 1164 1012 1222; x_wconf 94' lang='lat' dir='ltr'><strong>in</strong></span> <span class='ocrx_word' id='word_1_54' title='bbox 1032 1164 1130 1242; x_wconf 89' lang='lat' dir='ltr'><strong>pineis</strong></span> <span class='ocrx_word' id='word_1_55' title='bbox 1152 1163 1309 1240; x_wconf 83' lang='lat' dir='ltr'><strong>inscriptio</strong></span> <span class='ocrx_word' id='word_1_56' title='bbox 1323 1174 1458 1241; x_wconf 86' lang='lat' dir='ltr'><strong>occupat,</strong></span> <span class='ocrx_word' id='word_1_57' title='bbox 1480 1164 1519 1224; x_wconf 90' lang='lat' dir='ltr'><strong>ad</strong></span> <span class='ocrx_word' id='word_1_58' title='bbox 1533 1165 1598 1225; x_wconf 87' lang='lat' dir='ltr'><strong>eius</strong></span> <span class='ocrx_word' id='word_1_59' title='bbox 1611 1166 1747 1225; x_wconf 85' lang='lat' dir='ltr'><strong>maxime</strong></span> 
     </span>
     <span class='ocr_line' id='line_1_7' title="bbox 410 1264 1745 1342; baseline -0.001 -17"><span class='ocrx_word' id='word_1_60' title='bbox 410 1267 618 1326; x_wconf 78' lang='lat' dir='ltr'><strong>adnotationes</strong></span> <span class='ocrx_word' id='word_1_61' title='bbox 635 1265 832 1324; x_wconf 86' lang='lat' dir='ltr'><strong>indicavimus</strong></span> <span class='ocrx_word' id='word_1_62' title='bbox 847 1265 977 1340; x_wconf 91' lang='lat' dir='ltr'><strong>itemque</strong></span> <span class='ocrx_word' id='word_1_63' title='bbox 991 1264 1119 1324; x_wconf 81' lang='lat' dir='ltr'><strong>formam</strong></span> <span class='ocrx_word' id='word_1_64' title='bbox 1133 1265 1299 1324; x_wconf 90' lang='lat' dir='ltr'><strong>litterarum</strong></span> <span class='ocrx_word' id='word_1_65' title='bbox 1314 1265 1353 1322; x_wconf 85' lang='lat' dir='ltr'><strong>ad</strong></span> <span class='ocrx_word' id='word_1_66' title='bbox 1373 1267 1438 1324; x_wconf 88' lang='lat' dir='ltr'><strong>eius</strong></span> <span class='ocrx_word' id='word_1_67' title='bbox 1461 1266 1601 1342; x_wconf 85' lang='lat' dir='ltr'><strong>exempla</strong></span> <span class='ocrx_word' id='word_1_68' title='bbox 1621 1265 1745 1342; x_wconf 89' lang='lat' dir='ltr'><strong>potissi·</strong></span> 
     </span>
     <span class='ocr_line' id='line_1_8' title="bbox 409 1364 1747 1444; baseline -0.003 -16"><span class='ocrx_word' id='word_1_69' title='bbox 409 1387 490 1428; x_wconf 90' lang='lat' dir='ltr'><strong>mum</strong></span> <span class='ocrx_word' id='word_1_70' title='bbox 516 1367 729 1444; x_wconf 84' lang='lat' dir='ltr'><strong>expressimus.</strong></span> <span class='ocrx_word' id='word_1_71' title='bbox 773 1365 891 1423; x_wconf 87' lang='lat' dir='ltr'><strong>Monuit</strong></span> <span class='ocrx_word' id='word_1_72' title='bbox 917 1365 996 1424; x_wconf 89' lang='lat' dir='ltr'><strong>idem</strong></span> <span class='ocrx_word' id='word_1_73' title='bbox 1017 1365 1135 1425; x_wconf 84' lang='lat' dir='ltr'><strong>litterae</strong></span> <span class='ocrx_word' id='word_1_74' title='bbox 1156 1385 1176 1423; x_wconf 84' lang='lat' dir='ltr'><strong>a</strong></span> <span class='ocrx_word' id='word_1_75' title='bbox 1196 1364 1307 1442; x_wconf 84' lang='lat' dir='ltr'><strong>ligures</strong></span> <span class='ocrx_word' id='word_1_76' title='bbox 1328 1365 1355 1422; x_wconf 82' lang='lat' dir='ltr'><strong>lt</strong></span> <span class='ocrx_word' id='word_1_77' title='bbox 1376 1365 1407 1424; x_wconf 85' lang='grc' dir='ltr'><strong>Α</strong></span> <span class='ocrx_word' id='word_1_78' title='bbox 1429 1365 1473 1437; x_wconf 80' lang='grc' dir='ltr'><strong>Α,</strong></span> <span class='ocrx_word' id='word_1_79' title='bbox 1498 1366 1570 1425; x_wconf 89' lang='lat' dir='ltr'><strong>item</strong></span> <span class='ocrx_word' id='word_1_80' title='bbox 1590 1367 1712 1426; x_wconf 78' lang='lat' dir='ltr'><strong>litterae</strong></span> <span class='ocrx_word' id='word_1_81' title='bbox 1736 1368 1747 1424; x_wconf 88' lang='grc'><strong>1</strong></span> 
     </span>
     <span class='ocr_line' id='line_1_9' title="bbox 413 1465 1744 1548; baseline -0.002 -20"><span class='ocrx_word' id='word_1_82' title='bbox 413 1471 428 1528; x_wconf 85' lang='grc'><strong>1</strong></span> <span class='ocrx_word' id='word_1_83' title='bbox 449 1471 466 1526; x_wconf 79' lang='lat' dir='ltr'><strong>l</strong></span> <span class='ocrx_word' id='word_1_84' title='bbox 486 1468 508 1530; x_wconf 70' lang='lat' dir='ltr'><strong>b</strong></span> <span class='ocrx_word' id='word_1_85' title='bbox 529 1469 550 1527; x_wconf 91' lang='lat' dir='ltr'><strong>l.</strong></span> <span class='ocrx_word' id='word_1_86' title='bbox 573 1469 616 1527; x_wconf 91' lang='lat' dir='ltr'><strong>ita</strong></span> <span class='ocrx_word' id='word_1_87' title='bbox 636 1467 730 1543; x_wconf 86' lang='lat' dir='ltr'><strong>pingi,</strong></span> <span class='ocrx_word' id='word_1_88' title='bbox 751 1473 785 1524; x_wconf 88' lang='lat' dir='ltr'><strong>ut</strong></span> <span class='ocrx_word' id='word_1_89' title='bbox 805 1467 952 1542; x_wconf 89' lang='lat' dir='ltr'><strong>scriptura</strong></span> <span class='ocrx_word' id='word_1_90' title='bbox 973 1465 1011 1524; x_wconf 90' lang='lat' dir='ltr'><strong>ab</strong></span> <span class='ocrx_word' id='word_1_91' title='bbox 1033 1465 1094 1524; x_wconf 87' lang='lat' dir='ltr'><strong>alia</strong></span> <span class='ocrx_word' id='word_1_92' title='bbox 1114 1466 1152 1524; x_wconf 87' lang='lat' dir='ltr'><strong>ad</strong></span> <span class='ocrx_word' id='word_1_93' title='bbox 1173 1465 1263 1548; x_wconf 89' lang='lat' dir='ltr'><strong>aliam</strong></span> <span class='ocrx_word' id='word_1_94' title='bbox 1285 1484 1340 1541; x_wconf 89' lang='lat' dir='ltr'><strong>per</strong></span> <span class='ocrx_word' id='word_1_95' title='bbox 1360 1465 1471 1542; x_wconf 75' lang='lat' dir='ltr'><strong>gradm</strong></span> <span class='ocrx_word' id='word_1_96' title='bbox 1493 1467 1623 1526; x_wconf 90' lang='lat' dir='ltr'><strong>declinet</strong></span> <span class='ocrx_word' id='word_1_97' title='bbox 1644 1469 1744 1546; x_wconf 82' lang='lat' dir='ltr'><strong>magis</strong></span> 
     </span>
     <span class='ocr_line' id='line_1_10' title="bbox 410 1565 1746 1646; baseline -0.001 -18"><span class='ocrx_word' id='word_1_98' title='bbox 410 1589 499 1646; x_wconf 90' lang='lat' dir='ltr'><strong>quam</strong></span> <span class='ocrx_word' id='word_1_99' title='bbox 521 1578 602 1628; x_wconf 88' lang='lat' dir='ltr'><strong>certa</strong></span> <span class='ocrx_word' id='word_1_100' title='bbox 622 1568 738 1626; x_wconf 85' lang='lat' dir='ltr'><strong>ratione</strong></span> <span class='ocrx_word' id='word_1_101' title='bbox 760 1584 813 1626; x_wconf 89' lang='lat' dir='ltr'><strong>eas</strong></span> <span class='ocrx_word' id='word_1_102' title='bbox 828 1567 1002 1644; x_wconf 82' lang='lat' dir='ltr'><strong>distinguat.</strong></span> <span class='ocrx_word' id='word_1_103' title='bbox 1039 1565 1173 1625; x_wconf 86' lang='lat' dir='ltr'><strong>Litterae</strong></span> <span class='ocrx_word' id='word_1_104' title='bbox 1188 1567 1342 1625; x_wconf 80' lang='lat' dir='ltr'><strong>alermum</strong></span> <span class='ocrx_word' id='word_1_105' title='bbox 1357 1567 1532 1644; x_wconf 83' lang='lat' dir='ltr'><strong>angularem</strong></span> <span class='ocrx_word' id='word_1_106' title='bbox 1547 1575 1659 1626; x_wconf 87' lang='lat' dir='ltr'><strong>certam</strong></span> <span class='ocrx_word' id='word_1_107' title='bbox 1676 1585 1746 1628; x_wconf 90' lang='lat' dir='ltr'><strong>esse</strong></span> 
     </span>
     <span class='ocr_line' id='line_1_11' title="bbox 409 1667 1745 1746; baseline -0.001 -17"><span class='ocrx_word' id='word_1_108' title='bbox 409 1671 436 1742; x_wconf 93' lang='lat'><strong>1,</strong></span> <span class='ocrx_word' id='word_1_109' title='bbox 454 1669 512 1729; x_wconf 93' lang='grc'><strong>158</strong></span> <span class='ocrx_word' id='word_1_110' title='bbox 536 1668 601 1745; x_wconf 90' lang='lat' dir='ltr'><strong>(ubi</strong></span> <span class='ocrx_word' id='word_1_111' title='bbox 623 1677 767 1732; x_wconf 84' lang='lat' dir='ltr'><strong>(·vsoa0</strong></span> <span class='ocrx_word' id='word_1_112' title='bbox 788 1667 862 1744; x_wconf 82' lang='lat' dir='ltr'><strong>legit</strong></span> <span class='ocrx_word' id='word_1_113' title='bbox 875 1667 1178 1746; x_wconf 85' lang='lat' dir='ltr'><strong>Trendelenburgius,</strong></span> <span class='ocrx_word' id='word_1_114' title='bbox 1201 1686 1267 1727; x_wconf 91' lang='lat' dir='ltr'><strong>cum</strong></span> <span class='ocrx_word' id='word_1_115' title='bbox 1283 1683 1322 1739; x_wconf 71' lang='grc'><strong>0,·</strong></span> <span class='ocrx_word' id='word_1_116' title='bbox 1336 1686 1392 1744; x_wconf 93' lang='lat' dir='ltr'><strong>pro</strong></span> <span class='ocrx_word' id='word_1_117' title='bbox 1407 1683 1438 1727; x_wconf 92' lang='lat' dir='ltr'><strong>c·</strong></span> <span class='ocrx_word' id='word_1_118' title='bbox 1459 1668 1503 1727; x_wconf 91' lang='lat' dir='ltr'><strong>ibi</strong></span> <span class='ocrx_word' id='word_1_119' title='bbox 1517 1668 1645 1728; x_wconf 87' lang='lat' dir='ltr'><strong>viderint</strong></span> <span class='ocrx_word' id='word_1_120' title='bbox 1660 1669 1745 1729; x_wconf 86' lang='lat' dir='ltr'><strong>Hen-</strong></span> 
     </span>
     <span class='ocr_line' id='line_1_12' title="bbox 409 1767 1744 1846; baseline -0.001 -16"><span class='ocrx_word' id='word_1_121' title='bbox 409 1788 501 1831; x_wconf 80' lang='lat' dir='ltr'><strong>senus</strong></span> <span class='ocrx_word' id='word_1_122' title='bbox 515 1767 784 1846; x_wconf 87' lang='lat' dir='ltr'><strong>Ritscheliusque)‚</strong></span> <span class='ocrx_word' id='word_1_123' title='bbox 805 1768 873 1845; x_wconf 90' lang='lat' dir='ltr'><strong>eph.</strong></span> <span class='ocrx_word' id='word_1_124' title='bbox 889 1768 938 1827; x_wconf 86' lang='grc'><strong>55.</strong></span> <span class='ocrx_word' id='word_1_125' title='bbox 957 1770 1025 1828; x_wconf 93' lang='grc'><strong>111.</strong></span> <span class='ocrx_word' id='word_1_126' title='bbox 1058 1768 1263 1828; x_wconf 88' lang='lat' dir='ltr'><strong>Mommsenus</strong></span> <span class='ocrx_word' id='word_1_127' title='bbox 1277 1769 1292 1826; x_wconf 92' lang='lat'>1</span> <span class='ocrx_word' id='word_1_128' title='bbox 1305 1788 1336 1845; x_wconf 87' lang='lat' dir='ltr'><strong>p.</strong></span> <span class='ocrx_word' id='word_1_129' title='bbox 1349 1768 1410 1828; x_wconf 88' lang='grc'><strong>554</strong></span> <span class='ocrx_word' id='word_1_130' title='bbox 1425 1769 1539 1841; x_wconf 80' lang='lat' dir='ltr'><strong>statuit,</strong></span> <span class='ocrx_word' id='word_1_131' title='bbox 1553 1787 1621 1828; x_wconf 89' lang='lat' dir='ltr'><strong>cum</strong></span> <span class='ocrx_word' id='word_1_132' title='bbox 1636 1770 1744 1828; x_wconf 87' lang='lat' dir='ltr'><strong>titulos</strong></span> 
     </span>
     <span class='ocr_line' id='line_1_13' title="bbox 409 1869 1744 1950; baseline -0.001 -19"><span class='ocrx_word' id='word_1_133' title='bbox 409 1873 475 1950; x_wconf 90' lang='lat' dir='ltr'><strong>ipse</strong></span> <span class='ocrx_word' id='word_1_134' title='bbox 498 1871 625 1930; x_wconf 90' lang='lat' dir='ltr'><strong>vidisset</strong></span> <span class='ocrx_word' id='word_1_135' title='bbox 645 1869 684 1927; x_wconf 89' lang='lat' dir='ltr'><strong>ad</strong></span> <span class='ocrx_word' id='word_1_136' title='bbox 706 1869 914 1945; x_wconf 84' lang='lat' dir='ltr'><strong>quadraginta,</strong></span> <span class='ocrx_word' id='word_1_137' title='bbox 935 1869 1104 1928; x_wconf 87' lang='lat' dir='ltr'><strong>remotioris</strong></span> <span class='ocrx_word' id='word_1_138' title='bbox 1127 1869 1234 1928; x_wconf 89' lang='lat' dir='ltr'><strong>aetatis</strong></span> <span class='ocrx_word' id='word_1_139' title='bbox 1255 1869 1466 1946; x_wconf 83' lang='lat' dir='ltr'><strong>inscriptiones</strong></span> <span class='ocrx_word' id='word_1_140' title='bbox 1488 1887 1557 1930; x_wconf 87' lang='lat' dir='ltr'><strong>esse</strong></span> <span class='ocrx_word' id='word_1_141' title='bbox 1579 1888 1643 1942; x_wconf 87' lang='lat' dir='ltr'><strong>eas,</strong></span> <span class='ocrx_word' id='word_1_142' title='bbox 1666 1889 1744 1948; x_wconf 85' lang='lat' dir='ltr'><strong>quae</strong></span> 
     </span>
     <span class='ocr_line' id='line_1_14' title="bbox 409 1968 1744 2049; baseline -0.001 -18"><span class='ocrx_word' id='word_1_143' title='bbox 409 1973 441 2031; x_wconf 92' lang='lat' dir='ltr'><strong>in</strong></span> <span class='ocrx_word' id='word_1_144' title='bbox 463 1971 585 2031; x_wconf 89' lang='lat' dir='ltr'><strong>basibus</strong></span> <span class='ocrx_word' id='word_1_145' title='bbox 606 1969 744 2029; x_wconf 90' lang='lat' dir='ltr'><strong>rotundis</strong></span> <span class='ocrx_word' id='word_1_146' title='bbox 766 1969 922 2046; x_wconf 85' lang='lat' dir='ltr'><strong>pinearum</strong></span> <span class='ocrx_word' id='word_1_147' title='bbox 944 1968 1034 2027; x_wconf 88' lang='lat' dir='ltr'><strong>modo</strong></span> <span class='ocrx_word' id='word_1_148' title='bbox 1055 1969 1087 2029; x_wconf 91' lang='lat' dir='ltr'><strong>in</strong></span> <span class='ocrx_word' id='word_1_149' title='bbox 1108 1971 1243 2048; x_wconf 83' lang='lat' dir='ltr'><strong>margine</strong></span> <span class='ocrx_word' id='word_1_150' title='bbox 1262 1970 1326 2028; x_wconf 86' lang='lat' dir='ltr'><strong>sive</strong></span> <span class='ocrx_word' id='word_1_151' title='bbox 1342 1971 1497 2049; x_wconf 87' lang='lat' dir='ltr'><strong>superiore</strong></span> <span class='ocrx_word' id='word_1_152' title='bbox 1511 1972 1575 2029; x_wconf 89' lang='lat' dir='ltr'><strong>sive</strong></span> <span class='ocrx_word' id='word_1_153' title='bbox 1590 1971 1744 2042; x_wconf 78' lang='lat' dir='ltr'><strong>inferiore,</strong></span> 
     </span>
     <span class='ocr_line' id='line_1_15' title="bbox 408 2069 1743 2148; baseline -0.002 -15"><span class='ocrx_word' id='word_1_154' title='bbox 408 2074 498 2133; x_wconf 90' lang='lat' dir='ltr'><strong>modo</strong></span> <span class='ocrx_word' id='word_1_155' title='bbox 519 2073 551 2131; x_wconf 93' lang='lat' dir='ltr'><strong>in</strong></span> <span class='ocrx_word' id='word_1_156' title='bbox 572 2072 638 2130; x_wconf 89' lang='lat' dir='ltr'><strong>basi</strong></span> <span class='ocrx_word' id='word_1_157' title='bbox 659 2071 758 2130; x_wconf 88' lang='lat' dir='ltr'><strong>media</strong></span> <span class='ocrx_word' id='word_1_158' title='bbox 778 2069 966 2148; x_wconf 88' lang='lat' dir='ltr'><strong>conscriptae</strong></span> <span class='ocrx_word' id='word_1_159' title='bbox 988 2071 1062 2143; x_wconf 88' lang='lat' dir='ltr'><strong>siut,</strong></span> <span class='ocrx_word' id='word_1_160' title='bbox 1089 2089 1199 2148; x_wconf 89' lang='lat' dir='ltr'><strong>easque</strong></span> <span class='ocrx_word' id='word_1_161' title='bbox 1220 2071 1315 2131; x_wconf 84' lang='lat' dir='ltr'><strong>videri</strong></span> <span class='ocrx_word' id='word_1_162' title='bbox 1335 2071 1508 2131; x_wconf 89' lang='lat' dir='ltr'><strong>tribuendas</strong></span> <span class='ocrx_word' id='word_1_163' title='bbox 1530 2089 1599 2131; x_wconf 88' lang='lat' dir='ltr'><strong>esse</strong></span> <span class='ocrx_word' id='word_1_164' title='bbox 1621 2072 1743 2130; x_wconf 90' lang='lat' dir='ltr'><strong>saeculo</strong></span> 
     </span>
     <span class='ocr_line' id='line_1_16' title="bbox 409 2171 1743 2251; baseline -0.001 -19"><span class='ocrx_word' id='word_1_165' title='bbox 409 2175 514 2251; x_wconf 93' lang='lat' dir='ltr'><strong>quinto</strong></span> <span class='ocrx_word' id='word_1_166' title='bbox 535 2181 670 2243; x_wconf 77' lang='lat' dir='ltr'><strong>sextove,</strong></span> <span class='ocrx_word' id='word_1_167' title='bbox 690 2171 819 2229; x_wconf 86' lang='lat' dir='ltr'><strong>sortasse</strong></span> <span class='ocrx_word' id='word_1_168' title='bbox 841 2171 931 2229; x_wconf 90' lang='lat' dir='ltr'><strong>etiam</strong></span> <span class='ocrx_word' id='word_1_169' title='bbox 953 2172 1073 2250; x_wconf 84' lang='lat' dir='ltr'><strong>septimi</strong></span> <span class='ocrx_word' id='word_1_170' title='bbox 1093 2172 1190 2243; x_wconf 87' lang='lat' dir='ltr'><strong>initio,</strong></span> <span class='ocrx_word' id='word_1_171' title='bbox 1211 2178 1316 2230; x_wconf 87' lang='lat' dir='ltr'><strong>contra</strong></span> <span class='ocrx_word' id='word_1_172' title='bbox 1335 2173 1516 2232; x_wconf 87' lang='lat' dir='ltr'><strong>recentiores</strong></span> <span class='ocrx_word' id='word_1_173' title='bbox 1537 2190 1605 2232; x_wconf 87' lang='lat' dir='ltr'><strong>asae</strong></span> <span class='ocrx_word' id='word_1_174' title='bbox 1625 2173 1743 2244; x_wconf 88' lang='lat' dir='ltr'><strong>titulos,</strong></span> 
     </span>
     <span class='ocr_line' id='line_1_17' title="bbox 410 2271 1742 2352; baseline -0.002 -18"><span class='ocrx_word' id='word_1_175' title='bbox 410 2275 461 2352; x_wconf 93' lang='lat' dir='ltr'><strong>qui</strong></span> <span class='ocrx_word' id='word_1_176' title='bbox 482 2274 530 2334; x_wconf 89' lang='lat' dir='ltr'><strong>vel</strong></span> <span class='ocrx_word' id='word_1_177' title='bbox 556 2274 587 2331; x_wconf 91' lang='lat' dir='ltr'><strong>in</strong></span> <span class='ocrx_word' id='word_1_178' title='bbox 613 2273 710 2350; x_wconf 92' lang='lat' dir='ltr'><strong>pineis</strong></span> <span class='ocrx_word' id='word_1_179' title='bbox 734 2272 809 2349; x_wconf 88' lang='lat' dir='ltr'><strong>ipsis</strong></span> <span class='ocrx_word' id='word_1_180' title='bbox 831 2271 879 2330; x_wconf 86' lang='lat' dir='ltr'><strong>vel</strong></span> <span class='ocrx_word' id='word_1_181' title='bbox 900 2272 930 2330; x_wconf 93' lang='lat' dir='ltr'><strong>in</strong></span> <span class='ocrx_word' id='word_1_182' title='bbox 951 2272 1078 2332; x_wconf 87' lang='lat' dir='ltr'><strong>basibus</strong></span> <span class='ocrx_word' id='word_1_183' title='bbox 1099 2271 1255 2349; x_wconf 89' lang='lat' dir='ltr'><strong>quadratis</strong></span> <span class='ocrx_word' id='word_1_184' title='bbox 1275 2273 1381 2351; x_wconf 88' lang='lat' dir='ltr'><strong>pineae</strong></span> <span class='ocrx_word' id='word_1_185' title='bbox 1404 2273 1568 2350; x_wconf 89' lang='lat' dir='ltr'><strong>suppositis</strong></span> <span class='ocrx_word' id='word_1_186' title='bbox 1590 2273 1742 2351; x_wconf 80' lang='lat' dir='ltr'><strong>leguntur,</strong></span> 
     </span>
     <span class='ocr_line' id='line_1_18' title="bbox 409 2372 1744 2452; baseline -0.003 -16"><span class='ocrx_word' id='word_1_187' title='bbox 409 2393 461 2437; x_wconf 92' lang='lat' dir='ltr'><strong>eas</strong></span> <span class='ocrx_word' id='word_1_188' title='bbox 488 2375 567 2435; x_wconf 92' lang='lat' dir='ltr'><strong>enim</strong></span> <span class='ocrx_word' id='word_1_189' title='bbox 593 2372 774 2433; x_wconf 89' lang='lat' dir='ltr'><strong>descendere</strong></span> <span class='ocrx_word' id='word_1_190' title='bbox 795 2390 890 2449; x_wconf 90' lang='lat' dir='ltr'><strong>usque</strong></span> <span class='ocrx_word' id='word_1_191' title='bbox 911 2373 950 2431; x_wconf 91' lang='lat' dir='ltr'><strong>ad</strong></span> <span class='ocrx_word' id='word_1_192' title='bbox 971 2379 1152 2450; x_wconf 89' lang='lat' dir='ltr'><strong>postremam</strong></span> <span class='ocrx_word' id='word_1_193' title='bbox 1173 2374 1359 2452; x_wconf 89' lang='lat' dir='ltr'><strong>reipublicae</strong></span> <span class='ocrx_word' id='word_1_194' title='bbox 1378 2373 1492 2434; x_wconf 88' lang='lat' dir='ltr'><strong>liberae</strong></span> <span class='ocrx_word' id='word_1_195' title='bbox 1513 2382 1650 2434; x_wconf 86' lang='lat' dir='ltr'><strong>aetatem.</strong></span> <span class='ocrx_word' id='word_1_196' title='bbox 1695 2374 1744 2434; x_wconf 83' lang='lat' dir='ltr'><strong>Ea</strong></span> 
     </span>
     <span class='ocr_line' id='line_1_19' title="bbox 409 2473 1743 2554; baseline -0.001 -18"><span class='ocrx_word' id='word_1_197' title='bbox 409 2478 519 2538; x_wconf 90' lang='lat' dir='ltr'><strong>divisio</strong></span> <span class='ocrx_word' id='word_1_198' title='bbox 540 2495 608 2534; x_wconf 92' lang='lat' dir='ltr'><strong>eum</strong></span> <span class='ocrx_word' id='word_1_199' title='bbox 629 2483 700 2554; x_wconf 90' lang='lat' dir='ltr'><strong>post</strong></span> <span class='ocrx_word' id='word_1_200' title='bbox 719 2473 825 2533; x_wconf 90' lang='lat' dir='ltr'><strong>titulos</strong></span> <span class='ocrx_word' id='word_1_201' title='bbox 846 2484 954 2551; x_wconf 89' lang='lat' dir='ltr'><strong>postea</strong></span> <span class='ocrx_word' id='word_1_202' title='bbox 969 2474 1001 2533; x_wconf 95' lang='lat' dir='ltr'><strong>in</strong></span> <span class='ocrx_word' id='word_1_203' title='bbox 1015 2474 1111 2535; x_wconf 92' lang='lat' dir='ltr'><strong>lucem</strong></span> <span class='ocrx_word' id='word_1_204' title='bbox 1126 2475 1263 2552; x_wconf 90' lang='lat' dir='ltr'><strong>prolatos</strong></span> <span class='ocrx_word' id='word_1_205' title='bbox 1278 2476 1405 2553; x_wconf 88' lang='lat' dir='ltr'><strong>repetito</strong></span> <span class='ocrx_word' id='word_1_206' title='bbox 1419 2475 1551 2534; x_wconf 85' lang='lat' dir='ltr'><strong>examini</strong></span> <span class='ocrx_word' id='word_1_207' title='bbox 1566 2475 1743 2536; x_wconf 87' lang='lat' dir='ltr'><strong>subicienda</strong></span> 
     </span>
     <span class='ocr_line' id='line_1_20' title="bbox 410 2574 1742 2655; baseline -0.003 -17"><span class='ocrx_word' id='word_1_208' title='bbox 410 2579 463 2652; x_wconf 92' lang='lat' dir='ltr'><strong>sit,</strong></span> <span class='ocrx_word' id='word_1_209' title='bbox 488 2576 571 2655; x_wconf 91' lang='lat' dir='ltr'><strong>qued</strong></span> <span class='ocrx_word' id='word_1_210' title='bbox 596 2595 635 2636; x_wconf 91' lang='lat' dir='ltr'><strong>ex</strong></span> <span class='ocrx_word' id='word_1_211' title='bbox 660 2585 746 2652; x_wconf 90' lang='lat' dir='ltr'><strong>parte</strong></span> <span class='ocrx_word' id='word_1_212' title='bbox 772 2575 901 2652; x_wconf 83' lang='lat' dir='ltr'><strong>praeivit</strong></span> <span class='ocrx_word' id='word_1_213' title='bbox 920 2574 1082 2636; x_wconf 83' lang='lat' dir='ltr'><strong>Henaenus</strong></span> <span class='ocrx_word' id='word_1_214' title='bbox 1104 2575 1186 2636; x_wconf 81' lang='lat' dir='ltr'><strong>Bell.</strong></span> <span class='ocrx_word' id='word_1_215' title='bbox 1211 2575 1290 2636; x_wconf 88' lang='grc'><strong>1866</strong></span> <span class='ocrx_word' id='word_1_216' title='bbox 1311 2596 1341 2654; x_wconf 92' lang='lat' dir='ltr'><strong>p.</strong></span> <span class='ocrx_word' id='word_1_217' title='bbox 1360 2577 1433 2649; x_wconf 87' lang='grc'><strong>184,</strong></span> <span class='ocrx_word' id='word_1_218' title='bbox 1459 2595 1515 2636; x_wconf 93' lang='lat' dir='ltr'><strong>nos</strong></span> <span class='ocrx_word' id='word_1_219' title='bbox 1543 2595 1634 2654; x_wconf 87' lang='lat' dir='ltr'><strong>quam</strong></span> <span class='ocrx_word' id='word_1_220' title='bbox 1656 2595 1742 2636; x_wconf 90' lang='lat' dir='ltr'><strong>accu-</strong></span> 
     </span>
     <span class='ocr_line' id='line_1_21' title="bbox 409 2676 1740 2756; baseline -0.003 -17"><span class='ocrx_word' id='word_1_221' title='bbox 409 2678 558 2739; x_wconf 90' lang='lat' dir='ltr'><strong>ratissime</strong></span> <span class='ocrx_word' id='word_1_222' title='bbox 585 2676 754 2756; x_wconf 90' lang='lat' dir='ltr'><strong>potuimus,</strong></span> <span class='ocrx_word' id='word_1_223' title='bbox 782 2694 872 2753; x_wconf 91' lang='lat' dir='ltr'><strong>quem</strong></span> <span class='ocrx_word' id='word_1_224' title='bbox 900 2677 1024 2754; x_wconf 89' lang='lat' dir='ltr'><strong>quaevis</strong></span> <span class='ocrx_word' id='word_1_225' title='bbox 1050 2677 1206 2756; x_wconf 88' lang='lat' dir='ltr'><strong>inscriptio</strong></span> <span class='ocrx_word' id='word_1_226' title='bbox 1233 2677 1333 2738; x_wconf 88' lang='lat' dir='ltr'><strong>locum</strong></span> <span class='ocrx_word' id='word_1_227' title='bbox 1361 2685 1501 2754; x_wconf 89' lang='lat' dir='ltr'><strong>occupet,</strong></span> <span class='ocrx_word' id='word_1_228' title='bbox 1529 2677 1740 2738; x_wconf 89' lang='lat' dir='ltr'><strong>indicavimus.</strong></span> 
     </span>
     <span class='ocr_line' id='line_1_22' title="bbox 408 2777 1741 2859; baseline -0.002 -19"><span class='ocrx_word' id='word_1_229' title='bbox 408 2779 559 2840; x_wconf 85' lang='lat' dir='ltr'><strong>Addimus</strong></span> <span class='ocrx_word' id='word_1_230' title='bbox 576 2777 739 2839; x_wconf 89' lang='lat' dir='ltr'><strong>secundum</strong></span> <span class='ocrx_word' id='word_1_231' title='bbox 753 2778 963 2839; x_wconf 84' lang='lat' dir='ltr'><strong>adnotationes</strong></span> <span class='ocrx_word' id='word_1_232' title='bbox 978 2778 1237 2855; x_wconf 82' lang='lat' dir='ltr'><strong>Trendelenburgi</strong></span> <span class='ocrx_word' id='word_1_233' title='bbox 1257 2779 1317 2859; x_wconf 81' lang='lat' dir='ltr'><strong>legi</strong></span> <span class='ocrx_word' id='word_1_234' title='bbox 1339 2778 1365 2851; x_wconf 93' lang='lat'><strong>1,</strong></span> <span class='ocrx_word' id='word_1_235' title='bbox 1381 2778 1430 2838; x_wconf 87' lang='grc'><strong>86.</strong></span> <span class='ocrx_word' id='word_1_236' title='bbox 1448 2779 1516 2838; x_wconf 92' lang='grc'><strong>118.</strong></span> <span class='ocrx_word' id='word_1_237' title='bbox 1534 2777 1593 2838; x_wconf 78' lang='grc'><strong>190</strong></span> <span class='ocrx_word' id='word_1_238' title='bbox 1614 2780 1647 2839; x_wconf 90' lang='lat' dir='ltr'><strong>in</strong></span> <span class='ocrx_word' id='word_1_239' title='bbox 1663 2799 1741 2840; x_wconf 89' lang='lat' dir='ltr'><strong>mar·</strong></span> 
     </span>
     <span class='ocr_line' id='line_1_23' title="bbox 408 2878 1740 2961; baseline -0.001 -22"><span class='ocrx_word' id='word_1_240' title='bbox 408 2882 477 2961; x_wconf 83' lang='lat' dir='ltr'><strong>gine</strong></span> <span class='ocrx_word' id='word_1_241' title='bbox 505 2881 658 2959; x_wconf 88' lang='lat' dir='ltr'><strong>superiore</strong></span> <span class='ocrx_word' id='word_1_242' title='bbox 684 2879 767 2939; x_wconf 89' lang='lat' dir='ltr'><strong>basis</strong></span> <span class='ocrx_word' id='word_1_243' title='bbox 788 2880 935 2939; x_wconf 88' lang='lat' dir='ltr'><strong>rotundae</strong></span> <span class='ocrx_word' id='word_1_244' title='bbox 957 2881 1079 2956; x_wconf 87' lang='lat' dir='ltr'><strong>pineae;</strong></span> <span class='ocrx_word' id='word_1_245' title='bbox 1104 2879 1135 2954; x_wconf 91' lang='lat'><strong>1,</strong></span> <span class='ocrx_word' id='word_1_246' title='bbox 1156 2879 1206 2939; x_wconf 95' lang='grc'><strong>91.</strong></span> <span class='ocrx_word' id='word_1_247' title='bbox 1229 2879 1278 2940; x_wconf 91' lang='grc'><strong>95.</strong></span> <span class='ocrx_word' id='word_1_248' title='bbox 1302 2878 1360 2939; x_wconf 91' lang='grc'><strong>158</strong></span> <span class='ocrx_word' id='word_1_249' title='bbox 1388 2880 1420 2940; x_wconf 92' lang='lat' dir='ltr'><strong>in</strong></span> <span class='ocrx_word' id='word_1_250' title='bbox 1441 2881 1575 2959; x_wconf 79' lang='lat' dir='ltr'><strong>margine</strong></span> <span class='ocrx_word' id='word_1_251' title='bbox 1596 2880 1740 2940; x_wconf 85' lang='lat' dir='ltr'><strong>inferiore</strong></span> 
     </span>
     <span class='ocr_line' id='line_1_24' title="bbox 409 2979 1740 3059; baseline -0.003 -17"><span class='ocrx_word' id='word_1_252' title='bbox 409 2983 491 3042; x_wconf 91' lang='lat' dir='ltr'><strong>basis</strong></span> <span class='ocrx_word' id='word_1_253' title='bbox 512 2980 657 3040; x_wconf 87' lang='lat' dir='ltr'><strong>rotundae</strong></span> <span class='ocrx_word' id='word_1_254' title='bbox 678 2981 798 3058; x_wconf 88' lang='lat' dir='ltr'><strong>pineae;</strong></span> <span class='ocrx_word' id='word_1_255' title='bbox 820 2980 845 3053; x_wconf 92' lang='lat'><strong>1,</strong></span> <span class='ocrx_word' id='word_1_256' title='bbox 861 2979 911 3041; x_wconf 76' lang='grc'><strong>99.</strong></span> <span class='ocrx_word' id='word_1_257' title='bbox 929 2979 997 3040; x_wconf 83' lang='grc'><strong>121.</strong></span> <span class='ocrx_word' id='word_1_258' title='bbox 1017 2979 1085 3040; x_wconf 78' lang='lat'><strong>124.</strong></span> <span class='ocrx_word' id='word_1_259' title='bbox 1105 2981 1164 3040; x_wconf 84' lang='lat'><strong>143</strong></span> <span class='ocrx_word' id='word_1_260' title='bbox 1186 2981 1217 3039; x_wconf 93' lang='lat' dir='ltr'><strong>in</strong></span> <span class='ocrx_word' id='word_1_261' title='bbox 1238 2981 1306 3040; x_wconf 88' lang='lat' dir='ltr'><strong>basi</strong></span> <span class='ocrx_word' id='word_1_262' title='bbox 1327 2981 1475 3041; x_wconf 87' lang='lat' dir='ltr'><strong>rotundae</strong></span> <span class='ocrx_word' id='word_1_263' title='bbox 1495 2981 1616 3059; x_wconf 88' lang='lat' dir='ltr'><strong>pineae;</strong></span> <span class='ocrx_word' id='word_1_264' title='bbox 1637 2982 1664 3055; x_wconf 91' lang='grc' dir='ltr'><strong>Ι,</strong></span> <span class='ocrx_word' id='word_1_265' title='bbox 1681 2979 1740 3040; x_wconf 87' lang='grc'><strong>136</strong></span> 
     </span>
     <span class='ocr_line' id='line_1_25' title="bbox 409 3083 713 3160; baseline -0.007 -18"><span class='ocrx_word' id='word_1_266' title='bbox 409 3083 441 3142; x_wconf 90' lang='lat' dir='ltr'><strong>iu</strong></span> <span class='ocrx_word' id='word_1_267' title='bbox 461 3083 529 3142; x_wconf 90' lang='lat' dir='ltr'><strong>basi</strong></span> <span class='ocrx_word' id='word_1_268' title='bbox 549 3089 713 3160; x_wconf 88' lang='lat' dir='ltr'><strong>protemae.</strong></span> 
     </span>
    </p>
   </div>
   <div class='ocr_carea' id='block_1_3' title="bbox 410 3283 1739 3364">
    <p class='ocr_par' dir='ltr' id='par_1_3' title="bbox 410 3283 1739 3364">
     <span class='ocr_line' id='line_1_26' title="bbox 410 3283 1739 3364; baseline 0 -21"><span class='ocrx_word' id='word_1_269' title='bbox 410 3283 455 3343; x_wconf 75' lang='lat'><strong>25</strong></span> <span class='ocrx_word' id='word_1_270' title='bbox 483 3285 514 3342; x_wconf 92' lang='lat' dir='ltr'><strong>in</strong></span> <span class='ocrx_word' id='word_1_271' title='bbox 539 3285 606 3342; x_wconf 90' lang='lat' dir='ltr'><strong>basi</strong></span> <span class='ocrx_word' id='word_1_272' title='bbox 633 3283 779 3359; x_wconf 87' lang='lat' dir='ltr'><strong>quadrata</strong></span> <span class='ocrx_word' id='word_1_273' title='bbox 805 3283 921 3359; x_wconf 86' lang='lat' dir='ltr'><strong>pineae.</strong></span> <span class='ocrx_word' id='word_1_274' title='bbox 970 3283 1134 3343; x_wconf 85' lang='lat' dir='ltr'><strong>Praeneste</strong></span> <span class='ocrx_word' id='word_1_275' title='bbox 1160 3283 1192 3343; x_wconf 92' lang='lat' dir='ltr'><strong>in</strong></span> <span class='ocrx_word' id='word_1_276' title='bbox 1219 3285 1307 3344; x_wconf 89' lang='lat' dir='ltr'><strong>vinea</strong></span> <span class='ocrx_word' id='word_1_277' title='bbox 1334 3283 1482 3346; x_wconf 85' lang='lat' dir='ltr'><strong>Galeassi.</strong></span> <span class='ocrx_word' id='word_1_278' title='bbox 1532 3285 1632 3346; x_wconf 89' lang='lat' dir='ltr'><strong>Hodie</strong></span> <span class='ocrx_word' id='word_1_279' title='bbox 1659 3283 1739 3364; x_wconf 85' lang='lat' dir='ltr'><strong>apud</strong></span> 
     </span>
    </p>
   </div>
   <div class='ocr_carea' id='block_1_4' title="bbox 451 3381 1209 3526">
    <p class='ocr_par' dir='ltr' id='par_1_4' title="bbox 451 3381 1209 3526">
     <span class='ocr_line' id='line_1_27' title="bbox 451 3381 649 3442; baseline -0.01 0"><span class='ocrx_word' id='word_1_280' title='bbox 451 3381 649 3442; x_wconf 89' lang='lat' dir='ltr'><strong>Bonannium.</strong></span> 
     </span>
     <span class='ocr_line' id='line_1_28' title="bbox 947 3481 1209 3526; baseline 0.015 -3"><span class='ocrx_word' id='word_1_281' title='bbox 947 3481 973 3523; x_wconf 74' lang='lat' dir='ltr'><strong>ld</strong></span> <span class='ocrx_word' id='word_1_282' title='bbox 988 3495 995 3510; x_wconf 93' lang='lat'><strong>·</strong></span> <span class='ocrx_word' id='word_1_283' title='bbox 1010 3481 1098 3526; x_wconf 74' lang='lat' dir='ltr'><strong>Acv&#39;rt</strong></span> <span class='ocrx_word' id='word_1_284' title='bbox 1114 3495 1121 3512; x_wconf 85' lang='lat'><strong>·</strong></span> <span class='ocrx_word' id='word_1_285' title='bbox 1137 3483 1156 3526; x_wconf 83' lang='lat' dir='ltr'>C</span> <span class='ocrx_word' id='word_1_286' title='bbox 1170 3497 1177 3512; x_wconf 93' lang='lat'>·</span> <span class='ocrx_word' id='word_1_287' title='bbox 1193 3483 1209 3526; x_wconf 76' lang='lat' dir='ltr'>F</span> 
     </span>
    </p>
   </div>
   <div class='ocr_carea' id='block_1_5' title="bbox 409 3619 1270 3800">
    <p class='ocr_par' dir='ltr' id='par_1_5' title="bbox 409 3619 1270 3800">
     <span class='ocr_line' id='line_1_29' title="bbox 409 3619 933 3697; baseline 0 -17"><span class='ocrx_word' id='word_1_288' title='bbox 409 3620 586 3681; x_wconf 88' lang='lat' dir='ltr'><strong>Bonannius</strong></span> <span class='ocrx_word' id='word_1_289' title='bbox 606 3619 688 3678; x_wconf 86' lang='lat' dir='ltr'><strong>Ball.</strong></span> <span class='ocrx_word' id='word_1_290' title='bbox 713 3619 793 3679; x_wconf 89' lang='grc'><strong>1870</strong></span> <span class='ocrx_word' id='word_1_291' title='bbox 814 3637 844 3697; x_wconf 94' lang='lat' dir='ltr'><strong>p.</strong></span> <span class='ocrx_word' id='word_1_292' title='bbox 862 3621 933 3682; x_wconf 91' lang='grc'><strong>106.</strong></span> 
     </span>
     <span class='ocr_line' id='line_1_30' title="bbox 453 3719 1270 3800; baseline 0.002 -20"><span class='ocrx_word' id='word_1_293' title='bbox 453 3719 499 3780; x_wconf 85' lang='lat' dir='ltr'><strong>Cf.</strong></span> <span class='ocrx_word' id='word_1_294' title='bbox 522 3719 547 3790; x_wconf 91' lang='lat' dir='ltr'><strong>I,</strong></span> <span class='ocrx_word' id='word_1_295' title='bbox 564 3720 602 3780; x_wconf 86' lang='grc'><strong>83</strong></span> <span class='ocrx_word' id='word_1_296' title='bbox 629 3721 659 3782; x_wconf 85' lang='lat' dir='ltr'><strong>C.</strong></span> <span class='ocrx_word' id='word_1_297' title='bbox 683 3721 774 3798; x_wconf 82' lang='lat' dir='ltr'><strong>Aquti</strong></span> <span class='ocrx_word' id='word_1_298' title='bbox 798 3721 827 3782; x_wconf 83' lang='lat'><strong>0.</strong></span> <span class='ocrx_word' id='word_1_299' title='bbox 843 3725 871 3800; x_wconf 88' lang='lat' dir='ltr'><strong>s.</strong></span> <span class='ocrx_word' id='word_1_300' title='bbox 894 3731 924 3781; x_wconf 94' lang='lat' dir='ltr'><strong>et</strong></span> <span class='ocrx_word' id='word_1_301' title='bbox 945 3721 1065 3782; x_wconf 86' lang='lat' dir='ltr'><strong>titulum</strong></span> <span class='ocrx_word' id='word_1_302' title='bbox 1088 3734 1270 3800; x_wconf 85' lang='lat' dir='ltr'><strong>sequentem.</strong></span> 
     </span>
    </p>
   </div>
   <div class='ocr_carea' id='block_1_6' title="bbox 410 3927 1736 4106">
    <p class='ocr_par' dir='ltr' id='par_1_6' title="bbox 410 3885 1864 4106">
     <span class='ocr_line' id='line_1_31' title="bbox 410 3927 1736 4010; baseline 0.003 -24"><span class='ocrx_word' id='word_1_303' title='bbox 410 3927 456 3987; x_wconf 76' lang='grc'><strong>26</strong></span> <span class='ocrx_word' id='word_1_304' title='bbox 483 3928 514 3986; x_wconf 92' lang='lat' dir='ltr'><strong>in</strong></span> <span class='ocrx_word' id='word_1_305' title='bbox 542 3928 608 3987; x_wconf 90' lang='lat' dir='ltr'><strong>basi</strong></span> <span class='ocrx_word' id='word_1_306' title='bbox 633 3927 780 4004; x_wconf 84' lang='lat' dir='ltr'><strong>quadrata</strong></span> <span class='ocrx_word' id='word_1_307' title='bbox 805 3929 920 4005; x_wconf 87' lang='lat' dir='ltr'><strong>pineae.</strong></span> <span class='ocrx_word' id='word_1_308' title='bbox 965 3930 1130 3991; x_wconf 87' lang='lat' dir='ltr'><strong>Praeneste</strong></span> <span class='ocrx_word' id='word_1_309' title='bbox 1153 3932 1185 3990; x_wconf 92' lang='lat' dir='ltr'><strong>in</strong></span> <span class='ocrx_word' id='word_1_310' title='bbox 1211 3931 1302 3990; x_wconf 87' lang='lat' dir='ltr'><strong>inndo</strong></span> <span class='ocrx_word' id='word_1_311' title='bbox 1323 3931 1403 3990; x_wconf 87' lang='lat' dir='ltr'><strong>dicto</strong></span> <span class='ocrx_word' id='word_1_312' title='bbox 1426 3931 1456 3990; x_wconf 84' lang='lat' dir='ltr'><strong>la</strong></span> <span class='ocrx_word' id='word_1_313' title='bbox 1481 3931 1652 3992; x_wconf 79' lang='lat' dir='ltr'><strong>Colomdelle</strong></span> <span class='ocrx_word' id='word_1_314' title='bbox 1673 3951 1736 4010; x_wconf 92' lang='lat' dir='ltr'><strong>rep.</strong></span> 
     </span>
     <span class='ocr_line' id='line_1_32' title="bbox 450 4025 752 4106; baseline 0 -19"><span class='ocrx_word' id='word_1_315' title='bbox 450 4048 488 4087; x_wconf 94' lang='lat' dir='ltr'><strong>m.</strong></span> <span class='ocrx_word' id='word_1_316' title='bbox 513 4027 596 4106; x_wconf 88' lang='lat' dir='ltr'><strong>Sept.</strong></span> <span class='ocrx_word' id='word_1_317' title='bbox 618 4047 645 4088; x_wconf 86' lang='lat' dir='ltr'><strong>a.</strong></span> <span class='ocrx_word' id='word_1_318' title='bbox 664 4025 752 4089; x_wconf 88' lang='grc'><strong>1808.</strong></span> 
     </span>
    </p>
   </div>
   <div class='ocr_carea' id='block_1_7' title="bbox 915 4127 1232 4172">
    <p class='ocr_par' dir='ltr' id='par_1_7' title="bbox 915 4127 1232 4172">
     <span class='ocr_line' id='line_1_33' title="bbox 915 4127 1232 4172; baseline 0 -1"><span class='ocrx_word' id='word_1_319' title='bbox 915 4128 969 4171; x_wconf 76' lang='lat' dir='ltr'><strong>SEX</strong></span> <span class='ocrx_word' id='word_1_320' title='bbox 983 4143 990 4157; x_wconf 95' lang='lat'><strong>·</strong></span> <span class='ocrx_word' id='word_1_321' title='bbox 1006 4128 1121 4172; x_wconf 71' lang='lat' dir='ltr'><strong>AFllerS</strong></span> <span class='ocrx_word' id='word_1_322' title='bbox 1137 4142 1144 4158; x_wconf 91' lang='lat'><strong>·</strong></span> <span class='ocrx_word' id='word_1_323' title='bbox 1159 4131 1178 4171; x_wconf 94' lang='grc' dir='ltr'>Τ</span> <span class='ocrx_word' id='word_1_324' title='bbox 1193 4127 1232 4171; x_wconf 80' lang='grc'><strong>·1·”</strong></span> 
     </span>
    </p>
   </div>
   <div class='ocr_carea' id='block_1_8' title="bbox 407 4263 1735 4442">
    <p class='ocr_par' dir='ltr' id='par_1_8' title="bbox 407 4263 1735 4442">
     <span class='ocr_line' id='line_1_34' title="bbox 407 4263 1735 4341; baseline 0 -17"><span class='ocrx_word' id='word_1_325' title='bbox 407 4264 569 4324; x_wconf 82' lang='lat' dir='ltr'><strong>Heneenus</strong></span> <span class='ocrx_word' id='word_1_326' title='bbox 593 4263 632 4322; x_wconf 89' lang='lat' dir='ltr'><strong>ad</strong></span> <span class='ocrx_word' id='word_1_327' title='bbox 658 4274 797 4341; x_wconf 85' lang='lat' dir='ltr'><strong>ectypum</strong></span> <span class='ocrx_word' id='word_1_328' title='bbox 823 4265 949 4325; x_wconf 89' lang='lat' dir='ltr'><strong>missum</strong></span> <span class='ocrx_word' id='word_1_329' title='bbox 976 4283 995 4323; x_wconf 89' lang='lat' dir='ltr'><strong>a</strong></span> <span class='ocrx_word' id='word_1_330' title='bbox 1019 4265 1163 4326; x_wconf 89' lang='lat' dir='ltr'><strong>canonico</strong></span> <span class='ocrx_word' id='word_1_331' title='bbox 1189 4266 1385 4326; x_wconf 88' lang='lat' dir='ltr'><strong>Praenestino</strong></span> <span class='ocrx_word' id='word_1_332' title='bbox 1411 4267 1451 4327; x_wconf 90' lang='lat' dir='ltr'><strong>D.</strong></span> <span class='ocrx_word' id='word_1_333' title='bbox 1472 4264 1632 4328; x_wconf 82' lang='lat' dir='ltr'><strong>Rouannio</strong></span> <span class='ocrx_word' id='word_1_334' title='bbox 1652 4267 1735 4332; x_wconf 78' lang='lat' dir='ltr'><strong>Ball.</strong></span> 
     </span>
     <span class='ocr_line' id='line_1_35' title="bbox 410 4363 626 4442; baseline -0.005 -19"><span class='ocrx_word' id='word_1_335' title='bbox 410 4364 489 4425; x_wconf 91' lang='grc'><strong>1869</strong></span> <span class='ocrx_word' id='word_1_336' title='bbox 511 4363 626 4442; x_wconf 79' lang='lat' dir='ltr'><strong>p.165.</strong></span> 
     </span>
    </p>
   </div>
   <div class='ocr_carea' id='block_1_9' title="bbox 410 4567 1733 4750">
    <p class='ocr_par' dir='ltr' id='par_1_9' title="bbox 410 4567 1733 4750">
     <span class='ocr_line' id='line_1_36' title="bbox 410 4567 1733 4649; baseline 0.003 -23"><span class='ocrx_word' id='word_1_337' title='bbox 410 4567 455 4627; x_wconf 77' lang='lat' dir='ltr'><strong>tt</strong></span> <span class='ocrx_word' id='word_1_338' title='bbox 485 4568 515 4626; x_wconf 94' lang='lat' dir='ltr'><strong>in</strong></span> <span class='ocrx_word' id='word_1_339' title='bbox 541 4567 609 4627; x_wconf 90' lang='lat' dir='ltr'><strong>basi</strong></span> <span class='ocrx_word' id='word_1_340' title='bbox 637 4570 767 4628; x_wconf 88' lang='lat' dir='ltr'><strong>rotunda</strong></span> <span class='ocrx_word' id='word_1_341' title='bbox 794 4570 911 4647; x_wconf 90' lang='lat' dir='ltr'><strong>pineae.</strong></span> <span class='ocrx_word' id='word_1_342' title='bbox 955 4571 1121 4632; x_wconf 85' lang='lat' dir='ltr'><strong>Praeneste</strong></span> <span class='ocrx_word' id='word_1_343' title='bbox 1146 4573 1178 4632; x_wconf 94' lang='lat' dir='ltr'><strong>in</strong></span> <span class='ocrx_word' id='word_1_344' title='bbox 1203 4571 1297 4632; x_wconf 85' lang='lat' dir='ltr'><strong>fundo</strong></span> <span class='ocrx_word' id='word_1_345' title='bbox 1318 4573 1398 4634; x_wconf 84' lang='lat' dir='ltr'><strong>dicto</strong></span> <span class='ocrx_word' id='word_1_346' title='bbox 1425 4576 1456 4636; x_wconf 84' lang='lat' dir='ltr'><strong>le</strong></span> <span class='ocrx_word' id='word_1_347' title='bbox 1480 4573 1651 4644; x_wconf 77' lang='lat' dir='ltr'><strong>Gelombelle</strong></span> <span class='ocrx_word' id='word_1_348' title='bbox 1673 4591 1733 4649; x_wconf 88' lang='lat' dir='ltr'><strong>rep.</strong></span> 
     </span>
     <span class='ocr_line' id='line_1_37' title="bbox 451 4666 1216 4750; baseline 0.008 -22"><span class='ocrx_word' id='word_1_349' title='bbox 451 4689 489 4728; x_wconf 93' lang='lat' dir='ltr'><strong>m.</strong></span> <span class='ocrx_word' id='word_1_350' title='bbox 513 4666 595 4745; x_wconf 89' lang='lat' dir='ltr'><strong>Sept.</strong></span> <span class='ocrx_word' id='word_1_351' title='bbox 617 4687 645 4728; x_wconf 89' lang='lat' dir='ltr'><strong>a.</strong></span> <span class='ocrx_word' id='word_1_352' title='bbox 663 4668 751 4730; x_wconf 92' lang='grc'><strong>1868.</strong></span> <span class='ocrx_word' id='word_1_353' title='bbox 794 4669 894 4731; x_wconf 90' lang='lat' dir='ltr'><strong>Hodie</strong></span> <span class='ocrx_word' id='word_1_354' title='bbox 916 4671 996 4750; x_wconf 90' lang='lat' dir='ltr'><strong>apud</strong></span> <span class='ocrx_word' id='word_1_355' title='bbox 1016 4671 1216 4734; x_wconf 88' lang='lat' dir='ltr'><strong>Bonannium.</strong></span> 
     </span>
    </p>
   </div>
   <div class='ocr_carea' id='block_1_10' title="bbox 1001 4849 1148 4893">
    <p class='ocr_par' dir='ltr' id='par_1_10' title="bbox 1001 4849 1148 4893">
     <span class='ocr_line' id='line_1_38' title="bbox 1001 4849 1148 4893; baseline 0.014 -2"><span class='ocrx_word' id='word_1_356' title='bbox 1001 4850 1015 4891; x_wconf 70' lang='lat' dir='ltr'><strong>lr</strong></span> <span class='ocrx_word' id='word_1_357' title='bbox 1030 4862 1036 4878; x_wconf 90' lang='grc'><strong><em>·</em></strong></span> <span class='ocrx_word' id='word_1_358' title='bbox 1052 4849 1148 4893; x_wconf 75' lang='lat' dir='ltr'><strong>AGVTl</strong></span> 
     </span>
    </p>
   </div>
   <div class='ocr_carea' id='block_1_11' title="bbox 409 4987 1733 5071">
    <p class='ocr_par' dir='ltr' id='par_1_11' title="bbox 409 4987 1733 5071">
     <span class='ocr_line' id='line_1_39' title="bbox 409 4987 1733 5071; baseline -0.002 -22"><span class='ocrx_word' id='word_1_359' title='bbox 409 4987 459 5050; x_wconf 86' lang='lat' dir='ltr'><strong>Sic</strong></span> <span class='ocrx_word' id='word_1_360' title='bbox 480 4987 773 5070; x_wconf 77' lang='lat' dir='ltr'><strong>Trendelenburgius</strong></span> <span class='ocrx_word' id='word_1_361' title='bbox 802 4999 832 5051; x_wconf 92' lang='lat' dir='ltr'><strong>et</strong></span> <span class='ocrx_word' id='word_1_362' title='bbox 857 5002 997 5071; x_wconf 84' lang='lat' dir='ltr'><strong>ectypum</strong></span> <span class='ocrx_word' id='word_1_363' title='bbox 1025 4991 1170 5055; x_wconf 82' lang='lat' dir='ltr'><strong>Henaeno</strong></span> <span class='ocrx_word' id='word_1_364' title='bbox 1200 4995 1327 5056; x_wconf 79' lang='lat' dir='ltr'><strong>missum</strong></span> <span class='ocrx_word' id='word_1_365' title='bbox 1355 5014 1374 5055; x_wconf 90' lang='lat' dir='ltr'><strong>a</strong></span> <span class='ocrx_word' id='word_1_366' title='bbox 1398 4995 1438 5056; x_wconf 94' lang='lat' dir='ltr'><strong>D.</strong></span> <span class='ocrx_word' id='word_1_367' title='bbox 1466 4994 1623 5056; x_wconf 86' lang='lat' dir='ltr'><strong>Bonannio</strong></span> <span class='ocrx_word' id='word_1_368' title='bbox 1650 4990 1733 5053; x_wconf 82' lang='lat' dir='ltr'><strong>Bell.</strong></span> 
     </span>
    </p>
   </div>
   <div class='ocr_carea' id='block_1_12' title="bbox 279 5088 624 5167">
    <p class='ocr_par' dir='ltr' id='par_1_12' title="bbox 279 5088 624 5167">
     <span class='ocr_line' id='line_1_40' title="bbox 279 5088 624 5167; baseline 0.006 -20"><span class='ocrx_word' id='word_1_369' title='bbox 279 5088 292 5109; x_wconf 90' lang='lat'><strong>·</strong></span> <span class='ocrx_word' id='word_1_370' title='bbox 411 5089 489 5150; x_wconf 81' lang='lat' dir='ltr'><strong>reae</strong></span> <span class='ocrx_word' id='word_1_371' title='bbox 511 5109 541 5167; x_wconf 80' lang='lat' dir='ltr'><strong>p.</strong></span> <span class='ocrx_word' id='word_1_372' title='bbox 555 5089 624 5151; x_wconf 84' lang='lat'><strong>165.</strong></span> 
     </span>
    </p>
   </div>
   <div class='ocr_carea' id='block_1_13' title="bbox 449 5189 1095 5270">
    <p class='ocr_par' dir='ltr' id='par_1_13' title="bbox 449 5189 1095 5270">
     <span class='ocr_line' id='line_1_41' title="bbox 449 5189 1095 5270; baseline 0.012 -22"><span class='ocrx_word' id='word_1_373' title='bbox 449 5189 487 5248; x_wconf 88' lang='lat' dir='ltr'><strong>ln</strong></span> <span class='ocrx_word' id='word_1_374' title='bbox 508 5189 554 5249; x_wconf 86' lang='lat' dir='ltr'><strong>ed.</strong></span> <span class='ocrx_word' id='word_1_375' title='bbox 576 5209 676 5252; x_wconf 85' lang='lat' dir='ltr'><strong>errore</strong></span> <span class='ocrx_word' id='word_1_376' title='bbox 697 5191 805 5270; x_wconf 82' lang='lat' dir='ltr'><strong>legitur</strong></span> <span class='ocrx_word' id='word_1_377' title='bbox 828 5209 841 5251; x_wconf 84' lang='lat' dir='ltr'><strong>t</strong></span> <span class='ocrx_word' id='word_1_378' title='bbox 856 5223 863 5237; x_wconf 91' lang='lat'><em>·</em></span> <span class='ocrx_word' id='word_1_379' title='bbox 879 5209 975 5254; x_wconf 70' lang='lat' dir='ltr'><strong>scvrr</strong></span> <span class='ocrx_word' id='word_1_380' title='bbox 990 5225 996 5240; x_wconf 90' lang='lat'><strong>·</strong></span> <span class='ocrx_word' id='word_1_381' title='bbox 1012 5214 1032 5254; x_wconf 76' lang='grc' dir='ltr'><strong>Α</strong></span> <span class='ocrx_word' id='word_1_382' title='bbox 1047 5225 1054 5240; x_wconf 87' lang='grc'><em>·</em></span> <span class='ocrx_word' id='word_1_383' title='bbox 1069 5213 1095 5256; x_wconf 80' lang='lat' dir='ltr'><strong>r.</strong></span> 
     </span>
    </p>
   </div>
   <div class='ocr_carea' id='block_1_14' title="bbox 0 0 1910 5960">
    <p class='ocr_par' dir='ltr' id='par_1_14' title="bbox 0 0 1910 5960">
     <span class='ocr_line' id='line_1_42' title="bbox 0 0 1910 5960; baseline 0 0"><span class='ocrx_word' id='word_1_384' title='bbox 0 0 1910 5960; x_wconf 95' lang='lat' dir='ltr'><strong> </strong></span> 
     </span>
    </p>
   </div>
  </div>
 </body>
</html>
