3858 5960
568 619 866 675 ossunvsmouus
883 621 1002 673 uersu.
1022 621 1075 672 111.
1095 621 1145 672 w.
1471 607 1519 678 tt

187 799 251 874 nis)
273 797 389 874 aliquot
410 801 440 853 et
460 793 635 870 Hispanicis
658 792 804 851 Alionsus
826 791 952 852 Castrus
974 793 1128 870 Hispanus
1141 794 1184 870 ¹):
1207 795 1237 852 iu
1251 794 1378 856 Gallicis
1399 800 1520 875 quidam

188 899 350 960 canonicus
367 895 581 973 Lugdunensis
603 902 633 952 et
647 894 796 952 Minucius
817 903 903 970 pater
917 893 1063 953 Tolosas:
1086 895 1117 952 in
1133 893 1320 956 Germanicis
1336 898 1520 975 Mogontinis

188 1000 291 1058 nescio
313 999 392 1074 quis.
428 996 538 1054 Fertur
559 993 705 1072 Cyriacus
727 995 934 1052 Anconitanus
956 994 1133 1053 Latinorum
1153 994 1396 1075 Graecorumque
1418 1002 1522 1060 huius·

190 1100 271 1160 modi
297 1099 546 1176 epigrammatum
575 1095 715 1153 volumen
743 1094 917 1153 coniecisse.
961 1094 1047 1153 Ferri
1074 1115 1145 1153 vero
1171 1117 1231 1156 nou
1260 1107 1361 1174 potest
1388 1103 1520 1161 auctoris

189 1201 257 1261 libri
284 1199 389 1257 Italics
418 1197 522 1273 scripti
548 1197 636 1254 titulo
663 1195 959 1272 Hypnerotomacbia
980 1195 1123 1272 Poliphili
1153 1199 1294 1272 audacia,
1325 1201 1377 1276 qui
1405 1210 1449 1260 tot
1476 1203 1522 1260 in·

189 1301 369 1377 scriptiones
390 1298 516 1356 Latinas
537 1305 567 1354 et
589 1295 722 1358 enecas
744 1296 898 1354 confinxit.
935 1296 1096 1356 Florianus
1118 1297 1270 1375 Ocampus
1293 1302 1344 1377 qui
1365 1301 1521 1363 historiam

189 1400 358 1476 Hispaniae
387 1399 520 1476 scripsit,
548 1398 655 1456 dicitur
682 1415 786 1455 omnes
808 1397 976 1472 Hispaniae
997 1407 1113 1457 veteres
1139 1401 1348 1476 inscriptiones
1374 1404 1404 1462 iu
1428 1423 1521 1464 unum

191 1501 332 1558 volumen
358 1501 545 1576 congessisse
555 1497 584 1574 ²)
611 1506 642 1555 ct
668 1499 712 1556 Io.
740 1499 909 1556 Aventinus
932 1501 1024 1556 totius
1048 1497 1245 1558 Germaniae’.
1288 1502 1331 1560 Et
1350 1514 1420 1579 post
1445 1507 1523 1565 clio.-

191 1600 265 1678 ‘Ego
287 1611 366 1660 certe
381 1602 434 1658 vix
454 1601 543 1658 fidem
565 1599 693 1657 adhibeo
715 1599 787 1670 illis,
808 1617 885 1674 quae
907 1600 970 1674 qui,
991 1608 1151 1675 postquam
1173 1601 1253 1660 edita
1274 1603 1403 1677 fuerunt,
1426 1625 1462 1663 ea
1483 1625 1522 1664 ex

190 1703 266 1778 ipsis
289 1703 375 1760 saxis
397 1701 544 1772 correxit,
569 1718 629 1757 non
650 1699 741 1770 vidit3
772 1699 901 1757 maxime
922 1700 1031 1776 quibus
1053 1701 1111 1758 loci
1134 1701 1289 1778 inscriptio
1311 1704 1404 1764 deest.
1447 1707 1522 1766 Inde

191 1803 269 1861 enim
296 1791 498 1860 coniecturam
524 1801 601 1858 facio
628 1801 708 1859 hunc
734 1801 843 1858 librum
873 1820 913 1858 ex
942 1801 1083 1876 quopiam
1111 1804 1222 1861 recenti
1250 1804 1366 1879 codice,
1394 1825 1454 1866 non
1482 1828 1522 1868 ex

190 1903 267 1979 ipsis
288 1904 373 1963 saxis
395 1903 593 1978 exscriptum:
620 1901 747 1960 sortasse
769 1921 808 1960 ex
831 1899 976 1976 Carpensi
998 1903 1101 1960 codice
1123 1913 1152 1961 et
1174 1904 1283 1978 altero,
1305 1915 1337 1964 ut
1358 1907 1522 1986 deprehen·

191 2000 306 2063 dimus’.

423 2373 479 2432 1v.
525 2371 809 2434 GRAMMATICA
830 2372 889 2431 EX
911 2370 1037 2434 ACTIS
1059 2374 1291 2434 ARVALIVM.

278 2518 467 2594 Quamquam
502 2518 726 2596 grammatistae
753 2517 792 2588 ii,
827 2517 879 2592 qui
907 2519 946 2575 ad
973 2517 1183 2595 inscriptiones
1211 2540 1329 2598 quoque
1358 2524 1524 2598 attendunt,

195 2622 323 2680 fortasse
349 2619 418 2697 plus
446 2619 546 2677 damni
566 2618 686 2676 Latinis
713 2618 822 2677 litteris
849 2618 1012 2675 attulerunt
1033 2637 1123 2694 quam
1145 2621 1283 2681 utilitatis
1313 2623 1424 2699 (solent
1445 2627 1524 2686 euim

194 2733 318 2799 propter
338 2720 529 2780 instrumenti
551 2720 733 2796 epigraphici
755 2719 955 2796 ignorantiam
977 2719 1055 2778 male
1076 2720 1155 2778 lecta
1176 2729 1206 2779 et
1224 2723 1344 2797 plebeia
1358 2733 1388 2782 et
1402 2727 1524 2785 omniuo

195 2823 313 2882 inutilia
338 2822 526 2899 potissimum
551 2839 711 2896 excerpere
737 2829 767 2879 et
794 2829 827 2877 ut
853 2819 961 2878 medici
983 2820 1111 2894 imperiti
1134 2839 1240 2880 nocere
1261 2823 1337 2899 ipsis
1358 2825 1524 2902 remediis),

195 2943 266 2984 cura
294 2924 462 2983 adhibenda
490 2931 550 2992 est,
580 2941 617 2980 ne
643 2931 765 2998 propter
790 2939 893 2978 eorum
922 2939 1039 2980 errores
1065 2921 1292 2999 inscriptionum
1318 2924 1349 2980 in
1377 2925 1524 2986 eiusmodi

196 3025 456 3102 disquisitionibus
479 3021 640 3082 auctoritas
663 3031 869 3080 contemnatur
890 3020 938 3079 vel
958 3021 1127 3080 infametur.
1166 3023 1202 3080 Id
1226 3031 1325 3082 autem
1346 3025 1378 3084 in
1400 3044 1435 3085 eo
1459 3045 1524 3086 ver·

195 3127 276 3198 titur,
299 3135 332 3184 ut
351 3127 479 3201 primum
501 3141 611 3200 genera
631 3123 862 3198 inscriptionum
883 3131 963 3180 recte
985 3123 1188 3196 aestimentur,
1210 3123 1241 3181 id
1260 3133 1306 3183 est
1320 3127 1439 3185 reiectis
1455 3127 1526 3186 titu-

196 3227 233 3285 lis
256 3226 405 3301 corruptis
427 3235 458 3284 et
478 3225 588 3294 dubiis,
610 3225 662 3300 qui
684 3223 714 3280 in
736 3223 875 3282 omnibus
898 3223 1037 3302 syllogis,
1059 3224 1149 3281 etiam
1170 3226 1340 3285 recentibus
1355 3236 1385 3285 ct
1399 3228 1436 3285 sd
1453 3229 1525 3288 artis

194 3327 276 3404 leges
298 3326 441 3402 expolitis
463 3325 616 3384 abundent
637 3341 760 3383 necesse
783 3332 829 3382 est
851 3324 987 3399 (namin
1009 3324 1171 3401 deperditis
1189 3327 1236 3384 vel
1258 3327 1309 3402 qui
1331 3338 1403 3387 sunt
1425 3347 1525 3389 acces·

196 3445 247 3488 sus
269 3427 446 3485 difficilioris
467 3426 632 3504 pendemus
655 3426 692 3483 ab
713 3425 884 3484 auctoribus
905 3425 1082 3501 plerumque
1103 3443 1158 3482 nec
1179 3427 1258 3486 notis
1281 3429 1357 3486 satis
1379 3448 1433 3488 nec
1451 3431 1525 3489 satis

193 3528 323 3607 peritis),
345 3528 396 3603 qui
418 3535 531 3585 restant
552 3527 688 3584 lectionis
711 3533 809 3584 certae
828 3533 858 3583 et
872 3526 1046 3602 exploratae
1061 3527 1098 3584 ad
1114 3545 1225 3604 genera
1239 3537 1411 3605 aetatesque
1427 3529 1525 3589 distri·

196 3629 343 3688 beantur?
373 3626 455 3687 Nam
477 3627 538 3686 alia
558 3628 636 3685 ratio
658 3633 704 3684 est
725 3626 948 3701 auctoritasque
969 3627 1090 3686 diversa
1110 3629 1265 3687 titulorum
1286 3630 1475 3705 publicorum
1497 3641 1527 3690 et
1562 3627 1571 3680 f

194 3731 388 3807 privatorum,
404 3727 585 3800 urbanorum
598 3736 628 3785 et
638 3727 811 3785 Italicorum
826 3736 855 3786 et
869 3727 1107 3802 provincialium,
1122 3731 1324 3805 profectorum
1340 3750 1359 3789 a
1372 3731 1525 3790 nobilibus

196 3831 379 3906 eruditisque
406 3829 576 3886 hominibus
604 3835 634 3885 et
659 3827 862 3905 plebeiorum,
891 3828 923 3884 in
947 3827 996 3885 his
1024 3828 1113 3905 louge
1141 3829 1260 3886 diversa
1285 3848 1390 3889 rursus
1413 3849 1526 3904 eorum,
1562 3805 1565 3814 Ι

196 3949 274 4008 quos
296 3931 483 3990 dictaverunt
504 3929 639 3987 homines
661 3947 700 4011 ex
723 3929 808 4004 plebe
829 3929 945 3985 urbana
959 3925 1151 3986 Graecanicis
1173 3936 1205 3986 ut
1227 3931 1359 3987 moribus
1380 3929 1422 3987 ita
1443 3931 1525 3988 locu·
1555 3917 1564 3958 ἱ

195 4031 329 4090 tionibus
351 4031 459 4088 affecta
479 4047 615 4106 quosque
636 4029 738 4088 rustici
758 4030 790 4086 in
805 4028 884 4087 villis
907 4027 1091 4102 saltibusque
1106 4029 1213 4086 ltaliae
1228 4027 1369 4104 degentes
1384 4029 1432 4086 vel
1448 4047 1528 4087 cam·

197 4141 315 4210 pestres
336 4131 458 4189 litterati
473 4132 520 4189 vel
542 4130 736 4189 semibarbari
750 4131 781 4188 in
796 4128 958 4205 provinciis
974 4129 1097 4186 remotis
1112 4127 1160 4186 vel
1175 4128 1264 4186 etiam
1281 4126 1415 4186 Graecae
1430 4130 1525 4204 partis

203 4232 320 4309 imperii
338 4232 497 4302 boninus,
525 4231 577 4306 qui
597 4230 699 4289 Latini
725 4231 871 4289 sermonis
894 4231 941 4287 ius
963 4230 1059 4304 magis
1082 4247 1172 4304 quam
1194 4245 1281 4286 usum
1303 4229 1526 4305 impetrassent,

196 4333 371 4391 incidendos
394 4339 581 4390 curaverunt.
617 4331 757 4406 Denique
779 4350 847 4389 cum
870 4330 948 4388 tituli
962 4329 1064 4388 Latini
1086 4331 1156 4388 anui
1177 4329 1249 4388 certi
1265 4337 1336 4387 uota
1350 4329 1527 4405 plerumque

199 4434 398 4492 destituantur
420 4441 450 4490 et
471 4433 648 4509 saepissime
669 4432 700 4490 in
722 4450 758 4490 eo
780 4431 1031 4507 adquiescendum
1055 4431 1107 4502 sit,
1135 4437 1168 4488 ut
1188 4430 1292 4488 titulos
1315 4437 1384 4488 ante
1405 4430 1528 4490 Diocle·

198 4535 310 4592 tianum
337 4534 466 4610 scriptos
494 4551 512 4589 a
538 4533 651 4592 saeculi
679 4533 779 4608 quarti
804 4541 834 4590 ct
859 4531 999 4608 deinceps
1020 4531 1220 4590 monumentis
1243 4548 1364 4608 separes
1386 4530 1468 4608 (nam
1490 4531 1529 4590 ad

198 4651 250 4693 eos
264 4634 339 4692 fines
354 4634 443 4710 longe
457 4633 579 4710 plurimi
593 4641 675 4692 certo
689 4633 783 4711 redigi
798 4631 950 4710 possunt),
969 4649 1041 4691 cura
1055 4631 1225 4690 adhibenda
1239 4643 1295 4702 est,
1316 4641 1349 4691 ut
1363 4651 1401 4690 ex
1415 4632 1530 4709 ingenti

197 4734 286 4792 turba
306 4752 434 4812 corpora
455 4734 601 4810 quaedam
622 4733 748 4812 deligas,
769 4753 846 4811 quae
868 4743 897 4792 et
912 4741 1038 4792 aetatem
1054 4732 1182 4790 habeant
1196 4731 1349 4791 definitam
1363 4739 1394 4790 et
1407 4741 1530 4809 propter

198 4835 342 4912 originem
370 4843 637 4912 argumentumque
661 4845 740 4894 recte
769 4844 799 4893 et
826 4841 895 4911 apte
924 4834 1001 4891 inter
1029 4851 1062 4891 se
1091 4839 1308 4908 comparentur.
1351 4833 1400 4890 Ita
1425 4849 1530 4910 proce·

198 4933 336 4994 dentibus
362 4935 422 4993 duo
444 4937 616 5012 contingent
636 4953 778 5012 perquam
801 4934 958 5012 optabilia,
987 4934 1116 5010 primum
1139 4941 1172 4992 ut
1192 4933 1222 4991 in
1245 4931 1343 4992 locum
1365 4931 1530 5008 ingentium

274 5142 299 5207 ¹)
327 5145 362 5196 V.
381 5144 506 5194 Hnebner
523 5145 553 5196 11
570 5160 595 5208 p.
608 5145 657 5196 IX.

273 5231 298 5296 ²)
327 5236 361 5286 V.
381 5235 478 5286 ibidem
496 5251 523 5301 p.
536 5235 600 5286 XII.
