3826 5962
437 556 512 628 230
1036 569 1181 624 cosona

439 766 501 808 non
515 763 607 824 posse
629 753 764 822 apparet,
785 743 898 821 quippe
918 761 1007 820 quem
1028 749 1058 800 et
1071 741 1189 800 Plinius
1209 741 1288 799 idem
1311 738 1445 815 (t,140)
1468 743 1604 816 optimum
1625 748 1770 799 oratorem

440 857 526 908 vocet
546 858 576 906 ct
595 846 690 905 fuisse
711 845 763 902 alii
784 853 940 902 testentur.
981 843 1129 902 dedicavit
1149 842 1241 920 igitur
1262 839 1340 917 Opis
1362 841 1494 916 opiferae
1516 839 1622 898 aedem
1641 839 1677 898 t..
1700 839 1767 899 Me·

440 949 531 1008 tellus
558 947 648 1019 alter,
677 965 765 1022 quem
787 944 931 1004 Bardtius
958 942 1001 1019 (p.
1024 943 1042 1000 7
1065 940 1105 1016 s.)
1133 941 1210 1001 inter
1238 959 1332 1000 annos
1360 941 1417 1000 631
1446 947 1476 998 et
1504 940 1566 998 640
1592 940 1768 1016 pontificem

441 1049 606 1108 maximum
626 1047 736 1104 sactum
758 1063 825 1104 esse
851 1053 881 1102 ct
901 1043 1067 1103 decessisse
1088 1041 1168 1100 circa
1189 1061 1217 1100 a.
1241 1041 1301 1101 654
1323 1041 1550 1100 demonstravit.
1592 1051 1697 1099 notum
1718 1054 1768 1100 est

441 1149 568 1208 eundem
584 1145 720 1207 Castoris
742 1145 844 1203 aedem
867 1143 1016 1202 adfurum
1037 1143 1074 1201 de
1088 1142 1227 1201 manibiis
1243 1140 1419 1200 Dalmaticis
1442 1141 1650 1216 (triumphavit
1666 1153 1767 1200 autem

442 1251 477 1310 de
491 1251 648 1308 Delmateic
663 1266 690 1304 a.
706 1245 780 1320 637)
803 1245 944 1303 relectam
966 1243 1123 1302 dedicasse
1145 1241 1222 1318 (Cic.
1238 1243 1268 1302 in
1284 1241 1371 1302 Verr.
1389 1243 1416 1314 1,
1432 1241 1482 1312 59,
1507 1241 1565 1300 154
1580 1259 1636 1317 pro
1651 1237 1767 1300 Scauro

443 1351 483 1409 46
505 1368 571 1408 cum
593 1347 717 1407 scholiis
739 1346 886 1420 Asconii).
919 1363 995 1420 quae
1016 1361 1065 1402 res
1087 1344 1189 1402 nescio
1211 1362 1249 1400 an
1272 1343 1398 1402 alicuius
1417 1341 1560 1400 mbmenti
1582 1359 1649 1400 esse
1671 1343 1768 1418 possit

442 1452 482 1510 ad
502 1448 702 1526 indagandam
718 1444 859 1522 Opiierac
881 1443 965 1503 aedis
987 1445 1024 1502 ab
1045 1444 1150 1503 eodem
1172 1461 1191 1501 a
1213 1443 1288 1516 solo,
1311 1451 1344 1502 ut
1357 1443 1534 1519 putaverim,
1555 1442 1652 1500 sactae
1667 1443 1768 1502 sedem

442 1550 652 1628 indagandam.
695 1553 813 1604 constat
833 1545 976 1604 Iuturnae
1002 1546 1261 1622 nympharumque
1282 1551 1383 1619 partes
1405 1543 1550 1619 quasdam
1579 1561 1648 1603 esse
1669 1543 1701 1602 in
1721 1543 1768 1602 iu·

443 1651 541 1710 vando
573 1649 730 1708 mulierum
756 1653 844 1722 partu
874 1645 1086 1722 Iuturnamque
1119 1664 1138 1703 a
1163 1643 1298 1704 Varrone
1329 1662 1349 1702 a
1373 1645 1504 1702 iuvando
1531 1662 1640 1720 aegros
1667 1645 1768 1720 putari

445 1753 569 1810 dictam:
591 1749 690 1807 lacum
710 1753 809 1805 autern
822 1747 961 1804 Iuturnae
981 1745 1070 1804 huius
1085 1746 1218 1820 opiferae
1239 1752 1272 1802 ut
1286 1745 1329 1803 ita
1342 1746 1440 1804 dicam
1454 1763 1542 1804 nemo
1557 1746 1653 1804 nescit
1672 1745 1769 1804 fuisse

444 1863 514 1932 post
534 1849 638 1910 aedem
653 1845 801 1919 Castoris,
823 1855 855 1904 ut
879 1846 966 1904 facile
992 1846 1059 1921 quis
1081 1847 1193 1904 dixerit
1212 1845 1368 1904 Metellum
1393 1853 1464 1924 post
1485 1865 1512 1904 a.
1536 1844 1595 1902 637
1618 1864 1768 1905 unacum

442 1955 500 2013 hac
521 1951 595 2012 aede
615 1948 770 2008 dedicasse
791 1947 894 2006 aedem
921 1945 979 2021 Opi
999 1945 1177 2022 opifer(cs)l
1202 1945 1256 2020 [cd
1276 1948 1368 2004 lucum
1389 1945 1541 2020 Iuturnae]
1563 1945 1612 2005 vel
1632 1945 1768 2021 [0111111-
1876 1982 1877 2030 ,

443 2054 521 2129 nue],
544 2069 620 2128 quae
639 2049 731 2108 verba
752 2049 864 2125 optime
884 2047 1064 2106 conveniunt
1083 2063 1239 2104 mensurae
1259 2045 1355 2122 partis
1375 2046 1484 2124 lapidis
1499 2046 1681 2122 deperditae.
1713 2047 1768 2106 sed
1876 2099 1877 2128 ,

444 2155 484 2214 ad
505 2151 634 2212 certiora
652 2165 755 2225 pergo.

529 2251 623 2314 Sacro
650 2245 793 2325 Opiterae
825 2267 901 2325 quac
932 2248 1149 2326 praecedebant
1174 2247 1334 2306 Hennenus
1362 2257 1392 2306 et
1418 2248 1625 2307 Mommsenus
1651 2249 1769 2326 egregie

445 2357 488 2416 sie
508 2353 714 2412 restituerunt:
736 2348 860 2406 Volcano
879 2347 885 2425 Ι
903 2349 947 2424 [in
968 2353 1044 2408 circo
1059 2348 1243 2424 stanneo),
1262 2349 1403 2406 Iuturnae
1418 2359 1444 2406 ct
1455 2349 1599 2426 nycnp]t2's
1616 2353 1646 2408 e'n
1661 2368 1769 2426 campo.

445 2458 482 2516 dc
503 2453 701 2532 nympharum
727 2466 813 2507 sacro
840 2467 902 2507 non
929 2450 1096 2520 constabat,
1128 2450 1285 2516 constabat
1309 2449 1347 2508 de
1369 2448 1504 2508 Volcano
1528 2449 1675 2510 iustorum
1695 2450 1771 2510 Val-

444 2556 575 2618 lensium
602 2549 787 2610 testimonio:
817 2549 941 2608 Volcano
966 2554 997 2607 a'n
1025 2554 1100 2608 circo
1123 2549 1281 2608 Flaminio.
1324 2550 1460 2609 meminit
1483 2550 1572 2610 huius
1593 2551 1695 2628 templi
1715 2550 1769 2610 Li·

444 2659 512 2719 vius
534 2672 600 2714 cum
621 2652 699 2710 inter
719 2649 859 2728 prodigia
876 2667 903 2708 a.
920 2650 979 2710 538
1001 2648 1117 2709 rettulit
1137 2648 1201 2725 (24,
1219 2650 1271 2726 10)
1294 2660 1371 2708 tacta
1393 2651 1427 2708 de
1448 2650 1527 2709 caelo
1550 2656 1655 2710 utrium
1673 2652 1770 2728 pulli-

445 2779 507 2818 cum
533 2760 563 2814 c'n
593 2751 747 2828 Capitolio,
776 2752 873 2810 cedem
903 2754 934 2808 c'n
965 2769 1063 2826 cumpo
1093 2751 1223 2810 Vulcani,
1266 2751 1297 2808 in
1328 2752 1457 2809 confinio
1489 2752 1582 2828 igitur
1611 2754 1709 2830 campi
1739 2761 1772 2812 et

445 2856 589 2918 Flaminii
609 2853 679 2911 circi
698 2852 801 2910 aedem
816 2853 945 2928 positam
961 2851 1052 2911 fnisse
1067 2851 1194 2910 coniecit
1207 2853 1375 2910 Mommsen
1389 2852 1465 2927 Eplt.
1481 2854 1508 2925 1,
1525 2853 1574 2912 36.
1606 2853 1773 2926 Beckerus,

445 2960 497 3035 qui
512 2955 592 3015 Livii
605 2953 706 3012 verbis
720 2969 793 3012 usus
808 2961 855 3010 est
872 2971 902 3028 p.
918 2949 988 3024 187,
1010 2961 1116 3028 postea
1133 2972 1163 3029 p.
1180 2950 1241 3010 (320
1262 2971 1364 3010 eorum
1385 2954 1540 3012 immemor
1560 2954 1629 3014 fuit:
1652 2957 1773 3034 negavit

445 3061 524 3118 enim
534 3056 644 3116 iniuria
656 3053 759 3113 nedem
775 3054 807 3111 in
820 3052 900 3110 circo
912 3051 1063 3110 Flaminio
1076 3062 1195 3129 praeter
1208 3053 1410 3130 hemerologia
1423 3055 1591 3114 memorari
1612 3064 1643 3115 at
1657 3074 1772 3128 omnes,
1879 3059 1880 3066 ’

444 3161 505 3218 nisi
525 3157 623 3227 lallor,
650 3154 737 3212 obliti
762 3163 832 3213 sunt
853 3151 1019 3226 Ciceronis,
1045 3153 1096 3229 qui
1123 3154 1155 3211 in
1176 3152 1312 3212 Verrinis
1339 3154 1405 3212 loco
1427 3173 1446 3212 a
1466 3155 1584 3216 nemine
1612 3175 1673 3216 non
1692 3157 1771 3218 lecto

445 3259 475 3330 2,
500 3258 549 3326 61,
574 3256 630 3313 151
661 3254 739 3330 quid,
761 3253 868 3329 inquit,
895 3262 1007 3311 statuae
1028 3265 1168 3329 equesncs
1189 3257 1341 3314 incuratae
1362 3255 1467 3326 colunt,
1496 3275 1571 3332 quac
1588 3259 1691 3336 populi
1711 3259 1771 3317 Bo·

444 3360 523 3417 munc'
554 3355 650 3414 oculos
682 3357 846 3428 animosque
877 3357 996 3412 manuue
1022 3355 1166 3428 offendunt
1194 3365 1313 3430 propter
1339 3356 1435 3414 aedem
1463 3355 1603 3415 Vulcani?
1634 3377 1701 3417 num
1724 3363 1771 3418 ln·

445 3461 581 3534 cereptum
602 3473 662 3514 ecee
682 3455 762 3512 uideo
785 3455 930 3529 quandam
950 3473 983 3511 ec
998 3455 1042 3512 lic
1057 3463 1180 3512 statuens
1194 3464 1325 3513 aratores
1338 3455 1450 3514 dedisce
1470 3466 1500 3514 et
1521 3455 1693 3530 deinde69‚
1710 3458 1771 3518 167

443 3558 532 3618 Verri
551 3556 625 3615 dicit
645 3572 706 3612 non
726 3571 818 3630 posse
840 3553 929 3612 fidem
950 3553 1053 3613 haberi
1069 3551 1237 3614 Siculorum
1259 3573 1291 3614 se
1310 3563 1499 3614 contemnere
1519 3558 1772 3618 existimationem

446 3656 624 3718 autumanti:
658 3657 783 3729 eripiunt
815 3657 886 3712 carim
913 3655 965 3712 titt
994 3657 1080 3714 istam
1105 3659 1259 3714 orationem
1286 3697 1293 3714 .
1317 3699 1324 3714 .
1348 3698 1355 3713 .
1382 3667 1495 3715 statuae
1522 3659 1592 3718 illue
1619 3669 1772 3736 aplanes,

446 3777 520 3836 quae
543 3767 573 3815 tu
583 3755 675 3832 paulo
698 3763 763 3812 ante
777 3773 862 3830 quarn
884 3757 925 3814 cd
944 3755 1040 3814 urban
1061 3760 1171 3816 uenires
1189 3761 1262 3832 poni
1281 3757 1453 3832 incautique
1469 3762 1590 3832 tuccini,
1605 3771 1636 3819 ut
1649 3765 1771 3820 ennium

444 3865 606 3936 iniquorum
639 3865 751 3914 tumn
782 3859 892 3914 animos
925 3865 1176 3933 commotorumque
1207 3859 1350 3916 tardares.
1398 3859 1451 3934 qui
1488 3859 1577 3919 huius
1610 3862 1773 3920 testimonii

443 3961 588 4020 rationem
615 3957 728 4016 nullam
756 3956 925 4014 habuerunt
949 3956 1050 4014 nescio
1077 3957 1128 4016 ubi
1155 3965 1270 4017 statuas
1298 3959 1367 4017 illas
1390 3959 1493 4035 populi
1514 3959 1645 4020 Romani
1666 3961 1772 4022 oculos

444 4061 603 4122 offendisse
625 4057 817 4116 crediderint:
843 4075 881 4114 an
898 4054 1065 4134 Syracusis,
1087 4057 1197 4117 ubine
1219 4066 1338 4118 constat
1359 4059 1477 4134 quidem
1496 4053 1654 4136 Ἡφαίστου
1676 4062 1772 4122 lusisse

443 4162 547 4222 aedem
574 4159 616 4236 (v.
638 4158 742 4229 Holm,
773 4157 938 4216 Gesclicltte
960 4157 1092 4216 Stellienc
1117 4161 1132 4216 l
1156 4179 1185 4236 p.
1202 4158 1296 4234 scm?
1328 4177 1384 4236 ego
1411 4159 1459 4218 his
1485 4161 1663 4222 testimoniis
1688 4180 1771 4221 eom·

443 4261 566 4340 probari
593 4259 694 4332 video,
728 4257 883 4318 Ciceronis
915 4267 1048 4335 tempore
1074 4257 1190 4318 Romae
1218 4259 1321 4318 aedem
1354 4260 1493 4320 extitIsse
1520 4261 1650 4320 Vulcani
1679 4279 1772 4322 unam

444 4363 552 4432 solam,
580 4360 692 4418 iactam
719 4366 788 4415 ante
814 4376 841 4414 a.
865 4358 925 4417 538
952 4361 983 4416 in
1004 4377 1102 4436 cumpo
1125 4359 1189 4418 sive
1210 4363 1241 4418 in
1261 4364 1336 4419 circo
1357 4359 1517 4432 Fluminc'e,
1539 4361 1654 4422 nullam
1674 4362 1772 4423 fuisse

443 4463 474 4519 in
496 4477 567 4517 area
586 4457 716 4516 Volcani
743 4455 780 4512 ad
807 4457 969 4530 comitium,
995 4458 1027 4516 id
1053 4459 1133 4534 quod
1158 4461 1325 4520 rectissime
1352 4462 1457 4520 statuit
1476 4461 1631 4522 Beckerus
1652 4481 1681 4540 p.
1697 4463 1770 4524 187.

443 4557 600 4618 Plutarchi
625 4557 704 4614 enim
725 4557 904 4616 anctoritate
926 4559 1000 4618 mire
1020 4560 1133 4619 abusus
1155 4568 1202 4618 est
1223 4559 1426 4634 Dctlct'senus‚
1456 4581 1523 4621 cnm
1544 4562 1627 4622 aedIs
1650 4581 1716 4622 eum
1736 4563 1772 4624 in

443 4655 603 4717 volcanali
622 4655 718 4714 factae
740 4663 770 4713 et
790 4665 898 4732 postea
919 4659 1055 4718 sublatae
1076 4660 1255 4720 mentionem
1276 4661 1375 4722 facere
1397 4663 1455 4722 sibi
1475 4663 1627 4741 persuasit
1644 4663 1774 4740 (Annali

446 4757 527 4819 1860
548 4776 578 4834 p.
595 4756 678 4832 149).
714 4755 853 4815 nimirum
869 4757 1086 4832 Quaestionum
1107 4761 1145 4821 R.
1162 4781 1187 4821 c.
1202 4763 1241 4820 47
1263 4762 1315 4820 ille
1337 4763 1454 4840 quaerit
1474 4781 1527 4822 cur
1540 4763 1689 4824 Romulus
1709 4755 1771 4844 ἔξω

442 4853 554 4918 altene
585 4859 687 4917 aedem
728 4856 863 4915 Volcano
901 4859 1018 4920 feeerit:
1050 4871 1149 4920 utrum
1186 4871 1346 4938 propterea
1381 4865 1462 4940 quod
1499 4865 1564 4943 ipse
1589 4864 1696 4925 Martis
1730 4883 1773 4924 ex

442 4961 560 5020 Venere
586 4959 667 5018 filius
695 4957 780 5016 illum
806 4949 933 5018 σύνοικον
959 4969 990 5020 et
1014 4953 1147 5028 ὲμέπολιν
1172 4962 1271 5022 facere
1297 4965 1437 5037 noluerit,
1465 4984 1504 5024 an
1532 4966 1612 5042 quod
1638 4965 1774 5025 ibicum

444 5057 534 5118 Tatio
562 5069 592 5119 et
620 5069 726 5118 senatu
752 5060 854 5118 statim
882 5061 920 5120 ab
946 5061 1031 5121 initio
1061 5063 1130 5123 loco
1156 5063 1194 5122 ab
1214 5065 1290 5123 urbe
1318 5075 1433 5124 secreto
1461 5067 1618 5128 commode
1651 5064 1776 5126 consul·

442 5169 507 5218 tare
528 5177 619 5237 posse
639 5159 807 5234 crediderit,
833 5181 871 5220 an
892 5163 974 5238 quod
995 5163 1083 5222 deum
1109 5163 1312 5224 incendiorum
1343 5167 1381 5226 ab
1405 5166 1477 5227 urbe
1499 5185 1601 5227 arcere
1622 5165 1773 5226 voluerit?
