3826 5962
644 581 694 633 oa
713 579 857 634 murus
877 577 1033 632 sunrcrs.
1427 559 1500 634 243

178 761 294 821 viretum
319 755 478 816 monetalis
511 751 689 829 significatio
714 750 803 810 facile
835 751 1021 828 agnoscitur,
1054 752 1108 810 sed
1139 752 1171 810 in
1196 751 1323 828 singulis
1349 755 1503 814 vocabulis

178 858 374 921 restituendis
396 857 497 931 aliqua
518 854 679 913 difficultas
707 859 767 923 est,
794 853 968 928 praesertim
995 871 1061 912 cum
1088 852 1167 912 tituli
1189 853 1240 912 alii
1263 852 1374 915 Graeci
1394 855 1426 913 in
1446 857 1504 916 hac

179 981 212 1021 re
239 960 288 1020 vel
313 959 444 1019 maxime
470 957 601 1026 varient,
631 953 807 1013 Latinorum
834 961 932 1010 autem
959 955 1155 1030 plurimorum
1182 963 1305 1032 propter
1328 957 1505 1032 compendia

180 1061 348 1138 scripturae
368 1079 398 1118 Α.
413 1078 441 1117 Α.
457 1075 487 1116 Α.
501 1073 526 1115 r.
542 1073 568 1114 r.
589 1057 652 1114 fere
674 1060 845 1113 constanter
866 1054 1000 1112 adhibita
1020 1054 1120 1113 nullus
1141 1073 1214 1115 nsua
1236 1057 1285 1118 sit.
1327 1058 1364 1116 Id
1385 1057 1505 1134 quidem

180 1161 310 1222 dubitari
331 1179 391 1219 nou
405 1167 505 1236 potest
520 1157 609 1232 spatii
630 1157 796 1215 rationibus
817 1155 974 1230 diligenter
987 1157 1154 1230 perpensis,
1175 1157 1247 1232 quin
1262 1161 1380 1240 χρυσοῦ
1399 1160 1506 1219 ιιΙιὶιιιο

180 1263 247 1323 loco
269 1281 307 1320 ex
329 1262 425 1320 tribus
447 1259 637 1318 metallorum
658 1255 814 1316 vocabulis
831 1255 962 1331 positum
983 1257 1082 1316 fuerit.
1115 1259 1215 1334 Atque
1237 1261 1359 1318 omnino
1380 1267 1505 1338 uterque

181 1363 256 1423 ordo
277 1363 308 1421 in
329 1380 388 1420 usu
408 1362 503 1421 luisse
525 1359 652 1430 videtur,
673 1359 718 1416 ita
738 1367 771 1416 ιιι
792 1365 844 1416 aut
864 1376 884 1415 a
903 1357 1052 1416 vilissimo
1074 1359 1112 1417 ad
1133 1359 1383 1435 pretiosissimum
1405 1380 1506 1422 escen·

181 1463 310 1537 deretur,
326 1472 377 1522 aut
390 1463 454 1520 viee
469 1479 556 1520 versa
570 1461 608 1518 ab
623 1461 679 1518 hoc
693 1459 731 1518 ad
744 1458 821 1516 illud
835 1458 1072 1518 descenderetur.
1095 1458 1208 1519 Contra
1222 1481 1282 1520 non
1297 1469 1369 1539 puto
1383 1463 1508 1525 licuisse

183 1582 233 1624 oca
254 1571 308 1622 aut
328 1582 430 1622 uanam
450 1561 547 1622 medio
568 1562 636 1620 loco
657 1558 813 1637 ponere¹).
846 1558 948 1635 Atque
967 1560 1046 1618 idem
1060 1561 1181 1636 quidem
1196 1563 1279 1634 ordo,
1301 1581 1391 1639 quem
1405 1573 1509 1625 nostra

182 1665 340 1741 inscriptio
355 1665 453 1736 habet,
475 1671 521 1722 est
541 1663 572 1720 iu
592 1661 678 1720 titulo
694 1659 796 1721 Samio
815 1660 894 1736 apud
908 1660 1163 1738 Waddingtonum
1177 1663 1281 1723 Fastee
1296 1667 1346 1740 dea
1355 1669 1508 1742 provinces

125 1837 130 1846 ³
181 1765 350 1842 Ariait'qttee
375 1767 410 1824 de
431 1763 558 1840 l’empt're
578 1764 701 1822 Romaiu
727 1780 757 1838 p.
780 1761 836 1821 195
862 1763 942 1844 τρινῖν
963 1756 1071 1844 ἀνδρῶν
1092 1765 1213 1838 χαλκοῦ’
1237 1755 1361 1848 dpydpao
1390 1769 1509 1850 χαυνοῖ]

183 1857 472 1950 χαρακτηριᾶσαντος
493 1874 523 1925 et
549 1863 630 1942 apud
651 1862 826 1923 Ciceronem
848 1863 885 1922 de
906 1861 962 1938 leg.
986 1862 1015 1935 3,
1038 1863 1067 1937 3,
1090 1864 1107 1922 7
1136 1877 1353 1942 reserpentem
1374 1882 1510 1930 curamve

179 1968 293 2046 publice
313 1971 446 2042 alquanto
468 1973 497 2025 et
517 1963 716 2040 Pomponiam
740 1963 810 2040 Dig.
835 1963 862 2035 1,
885 1961 915 2035 2,
937 1962 966 2034 2,
988 1963 1037 2022 30.
1080 1963 1227 2025 Invereus
1249 1965 1324 2025 ordo
1346 1973 1392 2028 est
1411 1970 1444 2029 in
1463 1970 1510 2030 in·

183 2067 346 2144 scriptione
367 2068 468 2126 Attica
488 2067 524 2125 L.
541 2064 648 2137 Silani,
669 2065 706 2124 de
727 2083 788 2142 qna
804 2065 1008 2124 Mommsenus
1030 2067 1171 2142 exposuit
1192 2085 1285 2143 supra
1303 2089 1333 2146 p.
1350 2067 1404 2128 63':
1430 2073 1511 2154 τριῶν

184 2162 318 2250 [ἀνδρῶν]
338 2167 544 2242 κατατκῘεν]ἤς
565 2167 710 2248 makes?
729 2156 777 2223 ucri
798 2155 923 2248 ἀργύρου
947 2153 1006 2240 [nul
1021 2166 1177 2242 χαλ[ιν]οῦ,
1197 2175 1226 2226 el
1240 2168 1271 2226 in
1285 2165 1381 2230 titulis
1392 2168 1511 2232 Latinis

184 2268 266 2348 apud
289 2267 533 2329 Orelli-Heuzen
560 2266 651 2327 6502.
671 2261 797 2342 69152).
843 2264 957 2326 Contra
977 2265 1051 2324 ordo
1073 2287 1091 2326 a
1109 2264 1254 2329 Cicerone
1274 2272 1451 2333 observatus
1472 2273 1512 2333 ad

184 2371 255 2430 iam.
280 2369 309 2442 7,
334 2369 371 2428 18
393 2387 466 2428 aare
487 2387 553 2428 cere
573 2378 690 2446 urpeato
715 2367 827 2426 nullius
848 2367 927 2425 tituli
947 2367 1117 2426 testimonio
1138 2369 1283 2444 firmator,
1310 2379 1345 2431 ut
1371 2383 1423 2432 aut
1443 2393 1510 2434 cnm

185 2472 372 2531 Mommseno
398 2470 446 2529 hic
470 2469 555 2529 locus
582 2488 622 2528 ex
647 2469 700 2528 illo
725 2469 776 2545 qui
804 2475 851 2527 est
871 2468 1009 2527 inlibris
1032 2469 1068 2528 de
1094 2469 1210 2544 legibus
1230 2472 1439 2534 'emendandus
1461 2485 1513 2534 aut

185 2571 374 2649 neglegentia
404 2571 553 2629 sermonis
585 2570 781 2647 epistolarum
814 2569 987 2628 excusanda
1021 2570 1069 2628 sit.
1122 2569 1289 2628 Difficilius
1324 2583 1424 2632 autem
1455 2577 1514 2634 erit

185 2672 359 2745 diiudicatu,
385 2671 457 2747 quid
481 2679 552 2748 post
576 2674 693 2754 χρυσοῦ
717 2671 860 2748 scriptam
887 2669 990 2739 suerit3
1017 2675 1106 2744 atque
1132 2669 1204 2728 alibi
1229 2671 1348 2746 quidem
1373 2673 1405 2732 id
1430 2675 1513 2750 quod

186 2783 234 2834 est
247 2773 365 2832 ,Latine
384 2773 485 2846 florido
504 2774 655 2848 smerde,
687 2769 803 2831 Graece
828 2789 884 2829 ano
911 2767 1057 2827 vocabulo
1083 2769 1273 2845 exprimitur,
1300 2781 1334 2831 ut
1359 2774 1391 2832 iu
1416 2771 1513 2835 Silani

186 2875 275 2934 titulo
296 2874 399 2932 Attico
421 2873 610 2932 substantivo
631 2873 827 2943 κατασκευῆς,
856 2870 887 2928 ln
908 2868 1010 2930 Samio
1035 2870 1194 2947 participio
1215 2863 1512 2957 χαρακτηριάταντος,

187 2975 316 3053 permira
337 2992 409 3034 sane
432 2983 462 3032 et
487 2974 608 3032 omuino
635 2973 765 3032 soloeco.
810 2968 899 3043 Quod
926 2988 1016 3046 quum
1043 2987 1118 3029 usne
1145 2989 1332 3032 nummorum
1346 2977 1514 3050 flaudoram

188 3075 359 3135 iamdudum
381 3075 512 3134 abolitus
535 3081 630 3145 esset,
659 3069 826 3130 mirandum
851 3087 912 3128 nou
938 3079 994 3129 est.
1045 3069 1160 3130 Tamen
1185 3071 1216 3130 in
1241 3081 1345 3132 nostro
1371 3075 1456 3134 titulo
1482 3077 1514 3137 id

187 3177 282 3236 fuisse
303 3193 362 3236 non
382 3183 492 3254 potest,
513 3191 605 3250 quum
626 3177 704 3230 inter
726 3174 870 3228 ΕΥΣΕΩΣ
892 3180 923 3230 et
945 3170 1193 3246 Χ[Ε]ΙΛΙΑΡΧοΝ
1216 3173 1318 3232 decem
1340 3184 1392 3234 ant
1411 3177 1513 3254 plnres

189 3279 292 3336 literas
317 3271 444 3354 periisse
471 3275 579 3334 ceteris
605 3273 741 3332 versibus
768 3271 947 3348 comparatis
974 3279 1087 3347 pateat,
1114 3290 1191 3348 quas
1217 3274 1321 3334 literas
1347 3276 1386 3335 ad
1411 3277 1514 3338 trium·

187 3379 303 3438 viratus
318 3378 474 3448 monetalis
490 3374 737 3454 significationem
752 3372 842 3433 etiam
856 3373 1037 3449 pertinuisse
1051 3381 1141 3450 patet.
1173 3374 1279 3451 Itaque
1294 3376 1352 3436 duo
1367 3379 1516 3439 vocabula

190 3479 305 3556 scripta
324 3477 419 3537 fuisse
440 3477 504 3536 veri
526 3476 711 3535 simillimum
733 3483 788 3546 eet,
813 3491 940 3550 quorum
961 3475 1046 3552 prius
1072 3476 1102 3533 in
1124 3465 1244 3550 -sdesoc
1264 3477 1369 3537 exiret.
1412 3471 1523 3556 Atque

188 3600 225 3641 ea
245 3579 365 3657 quidem
380 3579 453 3653 quin
474 3585 503 3635 et
517 3577 734 3655 significatione
752 3583 783 3634 et
800 3575 904 3634 ordine
919 3575 1128 3650 responderint
1142 3575 1258 3636 Latinis
1265 3579 1515 3654 flendoseriuado

190 3699 227 3741 eo
248 3681 346 3739 minus
367 3678 480 3750 dubito,
501 3679 572 3753 qnia
590 3679 704 3737 frustra
722 3675 907 3752 quaesiveris
927 3676 1049 3733 verbum
1066 3673 1215 3736 Graecum
1235 3679 1267 3737 in
1288 3673 1354 3737 -εόω
1376 3681 1426 3740 vel
1448 3682 1515 3741 sub-

191 3781 353 3840 stantivum
373 3779 405 3836 in
425 3799 529 3850 -ενσις,
555 3778 636 3855 quod
655 3777 767 3836 Latino
782 3777 876 3852 scrire
895 3774 1088 3854 respondeat,
1116 3794 1183 3836 cnm
1203 3779 1237 3836 in
1249 3782 1346 3855 flandi
1367 3781 1516 3859 significa·

191 3881 273 3940 tione
301 3878 443 3936 usitatum
471 3878 512 3936 sit
537 3867 718 3954 σνγχωνιύω
745 3877 794 3937 vel
819 3866 1026 3954 καταχωνεῦω.
1079 3874 1193 3935 Verum
1221 3879 1341 3953 quidem
1368 3887 1429 3953 est,
1457 3881 1517 3941 hoe

191 3998 253 4040 non
278 3985 417 4038 accurate
444 3977 625 4055 respondere
654 3978 818 4038 sententiae
843 3977 980 4036 vocabuli
1000 3976 1114 4049 Latini,
1139 3995 1208 4034 nam
1235 3976 1265 4034 iu
1293 3978 1517 4040 triumvirorum

190 4079 386 4142 monetalium
407 4078 623 4157 significatione
648 4079 828 4138 vocabulum
845 4078 943 4154 flandi
968 4077 1008 4135 ad
1031 4078 1162 4154 priscum
1189 4096 1302 4136 morem
1328 4097 1517 4140 nummorum

191 4180 431 4242 fabricandorum
458 4181 563 4242 referri
588 4180 653 4240 sine
674 4181 765 4239 dnbio
786 4187 866 4239 recte
886 4179 1091 4238 Mommsenus
1112 4178 1169 4237 1.1.
1185 4177 1271 4236 dixit.
1303 4179 1347 4237 Αι
1366 4177 1517 4240 Graecum

191 4273 393 4361 συγχωνεύειν
416 4283 465 4341 rel
490 4271 708 4360 καταχωνεύειν
737 4299 797 4340 non
823 4289 885 4338 tam
914 4279 1013 4338 flando
1038 4279 1156 4338 efficere
1175 4297 1329 4338 nummum
1351 4287 1405 4338 ant
1424 4281 1518 4340 artifi-

191 4384 270 4444 cium
291 4383 425 4460 aliquod,
447 4401 536 4461 qnam
557 4401 575 4442 e
597 4382 748 4441 contrario
770 4381 909 4454 conflare,
931 4380 951 4439 i.
967 4399 993 4440 e.
1014 4379 1115 4440 flando
1136 4379 1236 4438 delere
1257 4380 1413 4458 significat.
1458 4379 1519 4444 Sed

190 4485 352 4545 tenendum
378 4491 440 4558 est,
465 4484 563 4563 ipsius
588 4483 633 4542 rei
659 4499 748 4542 usum
774 4481 977 4559 compluribus
1003 4481 1134 4542 saeculis
1155 4489 1244 4541 antea
1264 4481 1345 4560 apud
1364 4481 1519 4544 Romarm

192 4702 395 4716 m

271 4821 295 4885 ¹>
319 4825 361 4876 Ne
383 4841 431 4878 nos
456 4825 561 4892 qnidam
585 4823 608 4875 si
633 4831 751 4876 accurate
769 4829 795 4876 et
817 4823 954 4889 diligenter
972 4822 1057 4874 dicere
1080 4823 1196 4875 volemus
1219 4821 1270 4876 hoa
1292 4823 1384 4876 ordlue
1402 4831 1518 4878 utemur=

197 4909 284 4976 octa,
302 4910 413 4980 Καρίαν-
430 4916 484 4968 aad
502 4913 677 4968 attemerare.

270 4999 295 5066 ²)
322 5004 424 5056 Horum
452 5009 632 5072 exemplorum
656 5007 750 5058 Latina
775 5005 882 5056 exhibet
905 5000 1083 5057 Mommseuus
1106 5003 1173 5056 Hist.
1196 5005 1235 5056 rei
1258 5005 1420 5056 nummariae
1441 5004 1519 5058 Rom.

195 5108 221 5159 p.
240 5094 293 5146 866
312 5103 367 5147 not.
387 5098 412 5158 2,
433 5096 536 5149 Graeca
553 5097 652 5160 addidi,
675 5111 708 5149 ea
725 5097 887 5163 potissimam
906 5096 938 5146 de
956 5111 1036 5149 musa
1052 5103 1081 5147 ut
1098 5097 1286 5164 perspiceretur
1303 5096 1331 5147 in
1349 5092 1398 5150 doc
1416 5095 1520 5163 quidem

195 5197 224 5234 re
241 5200 316 5238 usum
335 5187 495 5242 Graecorum
513 5188 590 5253 plane
608 5191 751 5240 consentire
770 5203 828 5241 curn
846 5189 950 5242 Latino.
