3750 5990
582 641 881 697 onsenvnmouas
899 642 1018 694 nmen.
1037 641 1120 693 xm.
1441 626 1513 698 271

188 810 269 886 δικῆν
294 805 468 900 βαρβάρων.
506 809 581 872 δυεῖν
608 809 635 872 δ’
659 813 691 873 εἰε
716 816 768 872 τοῦ
788 804 950 883 Πολέμωνος
971 803 1056 872 ἷντων
1083 814 1148 872 υἱῶν
1175 803 1222 872 καί
1248 809 1400 898 ἓνχατρὲς
1426 813 1442 888 ἦ
1470 808 1519 886 μίν

186 909 277 985 ε’δίὲη
300 909 392 976 Κίσυί
407 918 448 992 τῷ
470 909 600 993 Σαπαίῳ,
622 905 869 992 δολοφονηθίντος
890 903 921 974 δὲ
942 914 1026 991 (ante
1048 934 1075 974 a.
1098 933 1126 992 p.
1151 913 1222 975 chr.
1245 915 1282 974 19
1305 915 1379 976 Tae.
1402 938 1471 977 ann.
1487 901 1520 992 2,'

187 1019 236 1079 65.
261 1018 314 1094 66)
337 1007 478 1102 ἒχιίρευσε
494 1011 601 1080 παῖδας
621 1005 739 1094 ίχυυσιε
760 1011 796 1098 ἐξ
810 1013 914 1074 arisati·
937 1007 1103 1076 δυναστεύει
1126 1011 1151 1073 δ’
1169 1014 1183 1073 ὅ
1198 1008 1400 1100 πρεσβύτατος
1414 1014 1516 1080 αὐτῶν.

184 1119 239 1177 ruis
260 1107 290 1177 ii
312 1120 362 1190 τῆς
382 1109 589 1202 nebulonibus
615 1118 680 1176 uiuis
701 1116 715 1176 ὅ
742 1105 791 1188 μὲν
817 1112 929 1188 ι’διυίσης
954 1108 1101 1194 συνδιᾳίκει
1126 1120 1161 1195 τῇ
1184 1108 1262 1202 μητρί
1287 1113 1338 1189 τὴν
1363 1114 1475 1204 ίιρχῆν,
1501 1118 1516 1178 ὅ

187 1207 219 1278 δὲ
251 1209 349 1278 νεωστί
377 1209 563 1278 καθίσταται
594 1220 646 1290 τῆς
676 1209 808 1296 propriane
832 1214 979 1304 'ripuarias
1004 1209 1163 1282 βασιλεύς·
1195 1214 1267 1290 αὐτὴ
1296 1211 1326 1276 δὲ
1355 1211 1518 1296 συνῴκησεν

185 1312 341 1404 Ἀρχελάῳ
369 1311 417 1378 καί
443 1312 599 1388 συνίμεινεν
632 1312 725 1396 ἐκείνῳ
753 1310 838 1403 μίχρι
867 1310 965 1380 σίλευς
990 1320 1101 1398 (tangit
1121 1321 1263 1380 Archelai
1290 1322 1370 1400 regis
1398 1321 1518 1401 Cappa·

187 1421 292 1482 dociae
323 1422 528 1482 evocationem
561 1422 593 1480 in
625 1421 728 1480 urbem
761 1440 788 1480 a.
815 1441 844 1498 p.
872 1419 945 1480 Chr.
975 1421 1013 1479 14
1044 1429 1229 1498 mortemque
1256 1441 1283 1480 a.
1311 1443 1340 1500 p.
1367 1421 1439 1484 Chr.
1465 1423 1520 1495 17,-

186 1522 225 1582 cf.
253 1521 327 1584 Tac.
356 1541 423 1582 ann.
447 1522 476 1595 2,
498 1521 538 1582 42
571 1531 602 1582 ei
628 1520 750 1582 Clinton
775 1522 845 1582 fast.
873 1522 954 1584 Hell-
979 1524 996 1581 3
1023 1541 1053 1599 ρ.
1075 1523 1162 1600 438),
1195 1525 1243 1580 νῦν
1270 1513 1301 1582 δὲ
1327 1515 1456 1608 χηρειίει,
1480 1516 1519 1582 τά

187 1645 218 1681 τε
237 1613 391 1701 λεχὲίνειι
412 1613 528 1700 ἔχουσα
543 1614 640 1706 χωρία
659 1613 708 1680 καί
727 1611 805 1680 ἄλλα
820 1615 927 1682 ἐκείνων
942 1613 1125 1708 χαριίσσερα,
1145 1614 1206 1706 περί
1222 1613 1259 1682 siv
1273 1620 1383 1706 ἐφεξῆς
1396 1623 1518 1708 ἐροῦμεν.

189 1723 274 1798 Quae
302 1743 369 1784 eum
397 1725 515 1802 egregie
540 1725 720 1783 conveniant
746 1742 813 1783 eum
839 1725 926 1783 titulo
949 1723 1125 1802 Smyrnaeo,
1151 1744 1229 1784 nunc
1251 1726 1370 1785 demum
1392 1727 1519 1786 addisci·

188 1841 256 1886 mus
277 1824 513 1902 Pythodoridem
540 1835 641 1884 natum
663 1843 730 1884 esse
751 1844 790 1884 ex
811 1825 945 1884 Antonia
970 1831 1000 1884 et
1021 1826 1059 1884 ab
1081 1825 1137 1886 hae
1158 1827 1226 1904 ipsa
1246 1829 1381 1886 Antonia
1401 1829 1520 1906 generis

188 1926 379 2003 splendorem
405 1927 596 2002 potissimum
622 1913 781 2003 proficisci.
830 1926 930 1986 Aliter
957 1927 1035 1986 enim
1065 1927 1213 2006 explicari
1237 1928 1350 2004 nequit,
1383 1929 1465 2007 quod
1490 1935 1521 1990 et

189 2027 324 2086 Antonia
349 2027 402 2085 illa
426 2027 595 2104 appellatur
621 2017 761 2110 εὐεργέτει
793 2027 954 2106 agnomine
981 2028 1064 2104 regio
1091 2035 1121 2086 et
1147 2028 1210 2086 filia
1238 2020 1400 2110 φιλομήτωρ
1426 2028 1521 2105 (quod

190 2145 338 2210 agnomen
380 2129 452 2186 item
487 2127 565 2204 gerit
604 2127 636 2184 in
675 2127 764 2186 titulo
799 2127 900 2186 Attico
940 2129 1019 2187 edito
1059 2135 1130 2205 post
1164 2129 1241 2190 alios
1275 2147 1295 2186 a
1329 2129 1520 2208 Bergmanno

190 2228 309 2288 Ballou.
332 2229 353 2288 l.
375 2247 400 2288 c.
429 2247 459 2306 p.
482 2227 521 2288 82
549 2228 619 2286 hoo:
652 2223 666 2284 i
694 2222 806 2304 δῆμ[ος]
839 2219 1021 2292 βασίλισσαν
1046 2221 1239 2312 Πυθοδωρίδιε
1269 2222 1458 2314 φιλεμίτορα)
1491 2240 1522 2290 et

190 2347 286 2405 nepos
330 2323 531 2412 θυγατριδοῦς
565 2327 715 2387 Antoniae
759 2329 930 2406 praeteritis
972 2331 1036 2389 aris
1072 2330 1189 2390 duobus
1225 2331 1352 2407 aviaque
1387 2339 1520 2407 paterna.

189 2429 329 2506 Denique
344 2427 423 2507 quod
445 2430 474 2488 in
490 2431 665 2506 parentibus
679 2430 811 2488 Zenonis
834 2431 1042 2489 enumerandis
1057 2439 1152 2491 mater
1172 2432 1277 2507 regina
1291 2439 1404 2508 patrem
1419 2449 1520 2510 regem

189 2530 350 2606 praeeedit,
373 2548 409 2589 eo
424 2530 608 2608 significatur
621 2531 730 2607 opinor
751 2549 875 2608 regnum
891 2530 981 2590 Ponti
1003 2533 1046 2590 ita
1060 2531 1202 2608 coniuges
1218 2531 1308 2589 simul
1322 2532 1466 2605 tenuisse,
1488 2541 1521 2592 ut

190 2629 226 2690 ad
253 2630 487 2708 Pythodoridem
520 2633 618 2708 potius
646 2639 795 2708 spectaret
825 2649 914 2706 quam
948 2631 986 2690 ad
1012 2629 1216 2689 Polemonem.
1259 2630 1407 2706 Equidem
1440 2608 1548 2692 certe·

190 2731 278 2790 aliam
301 2733 366 2791 eius
388 2733 594 2792 collocationis
616 2733 761 2791 rationem
783 2731 920 2790 idoneam
937 2729 1050 2788 nullam
1064 2731 1226 2808 perspicio;
1253 2749 1323 2790 nam
1338 2749 1519 2810 quamquam

189 2831 253 2892 lieri
280 2841 390 2910 potest,
417 2840 530 2910 utque
553 2843 687 2910 tempore
710 2841 811 2892 statua
832 2831 945 2892 Zenoni
971 2830 1109 2890 dedicata
1134 2837 1189 2904 est,
1216 2830 1380 2893 Polemone
1402 2842 1519 2894 mortuo

189 2933 374 3012 Pythodoris
400 2934 466 2993 sola
493 2935 640 3011 regnarit,
666 2943 789 3010 propter
815 2951 880 2990 earn
907 2950 1043 3005 causam,
1071 2933 1152 3008 quod
1179 2941 1266 3008 pater
1286 2943 1423 2994 mortuus
1445 2944 1519 3008 erat,

191 3043 285 3095 mater
311 3046 410 3095 autem
436 3035 466 3093 in
494 3035 586 3106 vivis,
615 3041 701 3110 pater
730 3030 818 3090 matri
844 3033 986 3109 postponi
1011 3052 1072 3092 non
1099 3033 1211 3093 debuit.
1260 3031 1374 3094 Contra
1399 3039 1520 3115 generis

191 3137 333 3214 splendor
353 3145 384 3195 et
398 3136 496 3212 ipsum
512 3134 731 3210 quodammodo
752 3150 876 3210 reguum
898 3133 923 3192 si
941 3134 1186 3212 proficiscebatur
1208 3135 1245 3193 ab
1260 3136 1393 3196 Antonia
1407 3137 1520 3216 Pytho·

192 3238 306 3298 doridis
328 3243 433 3308 mane,
455 3243 485 3296 et
506 3235 563 3294 hoo
584 3234 778 3311 intellegitur,
803 3253 855 3294 eur
876 3235 983 3294 marito
1004 3235 1143 3296 defuncto
1170 3255 1231 3295 non
1251 3235 1331 3296 lilius
1354 3238 1382 3296 ei
1403 3255 1520 3299 succes-

192 3339 275 3410 serit,
297 3339 351 3399 sed
373 3357 452 3397 uxor
472 3338 562 3398 etiam
585 3343 673 3419 antea
687 3353 744 3394 sno
763 3336 827 3395 iure
849 3353 978 3414 regnans
995 3344 1102 3413 postea
1116 3337 1184 3397 sola
1197 3339 1339 3414 regnarit,
1361 3347 1392 3399 et
1412 3341 1520 3400 marito

191 3457 244 3499 cnr
275 3449 485 3517 praeponatur.
537 3435 635 3511 Quam
668 3436 708 3496 ob
738 3456 801 3498 rem
834 3438 908 3497 haec
934 3439 1069 3497 Antonia
1100 3455 1248 3514 quaenam
1281 3457 1348 3499 esse
1380 3441 1522 3516 potuerit,

191 3541 356 3600 rideamus.

273 3641 411 3700 Aetatem
442 3639 593 3700 Antoniae
625 3639 843 3714 quodammodo
876 3639 1020 3698 definiunt
1050 3657 1127 3718 quae
1154 3641 1191 3700 de
1222 3641 1286 3700 lilia
1314 3641 1520 3720 Pythodoride

191 3742 318 3817 eiusque
339 3740 482 3818 progenie
503 3739 614 3799 tradita
634 3740 789 3798 habemus.
831 3739 941 3798 Filium
964 3739 1179 3816 Pythodoridis
1200 3751 1274 3801 natu
1298 3743 1443 3802 minorem
1465 3743 1520 3804 Za·
1583 3817 1585 3822 ,

192 3859 300 3902 nonem
319 3859 412 3916 sopra
425 3841 553 3900 uidimus
574 3859 602 3900 a.
618 3860 648 3918 p.
664 3839 735 3900 Chr.
754 3841 790 3902 18
806 3841 960 3900 florentem
981 3841 1118 3899 iuvenem
1139 3843 1171 3900 in
1184 3842 1394 3902 venationibus
1408 3843 1521 3919 epulis·

192 3961 252 4020 que
269 3942 394 4016 versari,
414 3941 507 4000 filiam
528 3951 650 4019 nuptam
673 3941 762 4018 Cotyi
784 3942 848 4019 regi
868 3941 1017 4001 Thraciae
1038 3941 1119 4000 cirea
1138 3941 1217 4000 idem
1231 3948 1349 4017 tempus
1364 3944 1521 4004 interiecto

192 4044 421 4120 habentemque·
435 4043 547 4104 liberos
574 4063 601 4103 a.
624 4064 653 4120 p.
677 4041 748 4103 Chr.
773 4043 810 4103 19
839 4041 970 4100 nondum
997 4041 1126 4114 adultos,
1157 4048 1191 4100 ut
1219 4050 1300 4102 tutor
1325 4059 1428 4102 eorum
1453 4042 1520 4104 loeo

192 4163 316 4224 regnum
330 4144 448 4204 interim
463 4152 604 4206 tractaret
621 4145 759 4221 (Tacitus
774 4163 841 4202 ann.
855 4143 883 4215 2,
897 4141 961 4219 67).
990 4139 1181 4220 Quapropter
1195 4159 1262 4202 enm
1276 4142 1331 4202 filii
1345 4142 1520 4204 Polemonis
1549 4168 1553 4191 ι

193 4254 223 4306 et
237 4245 451 4324 Pythodoridis
473 4257 542 4306 anto
557 4265 667 4306 annum
682 4255 761 4306 certe
776 4245 836 4304 750
852 4245 913 4304 nati
935 4245 996 4304 sint
1017 4253 1046 4304 et
1059 4261 1184 4304 numero
1202 4251 1265 4303 tres
1282 4245 1402 4318 luerint,
1423 4245 1521 4320 ipsius
1568 4295 1583 4318 ,,

186 4347 408 4426 Pythodoridis
429 4347 546 4408 natales
568 4357 636 4407 ante
651 4365 759 4406 annum
775 4353 855 4406 certe
870 4345 929 4406 727
945 4345 1116 4418 reiciuntur‚
1137 4347 1229 4406 immo
1244 4345 1399 4423 probabile
1421 4345 1519 4406 estad
1539 4342 1543 4378 ¹
1635 4375 1637 4378 ·

193 4467 304 4510 annum
326 4468 351 4508 c.
369 4447 429 4510 720
444 4467 496 4510 eos
517 4448 708 4510 adscendere.
740 4447 790 4508 Ita
810 4465 870 4525 quo
891 4457 1024 4523 tempore
1039 4445 1148 4509 Strabo
1167 4447 1290 4524 scripsit
1310 4447 1522 4524 quinquagesi-

193 4568 273 4610 mum
301 4551 364 4609 iere
391 4569 502 4609 annum
529 4551 637 4626 agebat
662 4551 817 4626 vitamque
843 4548 1017 4624 protrahere
1041 4549 1139 4626 potuit
1166 4548 1204 4609 ad
1230 4567 1258 4608 a.
1288 4569 1316 4609 n.
1345 4567 1370 4607 e.
1398 4547 1456 4608 791
1482 4573 1519 4599 =

194 4671 223 4728 p.
239 4651 311 4712 Chr.
328 4652 378 4723 38,
393 4669 452 4728 quo
468 4650 593 4710 Polemo
608 4650 729 4710 ultimus
743 4667 798 4708 rex
812 4649 903 4708 Ponti
918 4667 1043 4727 regnare
1057 4649 1199 4726 coepit1).
1220 4683 1258 4694 -
1283 4647 1372 4724 Quod
1386 4649 1414 4710 si
1428 4647 1520 4708 Wad-

274 4905 298 4967 1)
326 4905 488 4975 Quamquam
511 4917 647 4975 postquam
670 4907 890 4972 Waddingtonius
915 4908 1003 4960 docuit
1029 4907 1097 4960 huno
1120 4909 1148 4960 ln
1170 4908 1283 4960 nammis
1306 4907 1368 4958 snnl
1390 4906 1429 4956 sui
1454 4906 1523 4956 tertii

198 4997 296 5048 vultum
314 5012 404 5062 gerere
422 5002 496 5064 pueri
514 5015 641 5052 annorum
664 4999 719 5051 isra
743 4999 888 5065 quindecim
912 5001 998 5065 itaque
1019 5013 1067 5064 pro
1084 4997 1140 5050 tilio
1157 4997 1344 5063 Pythodoridis
1361 4996 1451 5048 moeri
1469 5011 1523 5048 non

197 5103 282 5154 posse,
300 5089 410 5141 sonasse
429 5091 497 5142 inter
515 5107 573 5142 eum
591 5093 759 5158 ultimumque
771 5091 939 5142 Polemonem
951 5091 1153 5156 interponendas
1165 5097 1204 5142 est
1215 5089 1325 5142 Polemo
1337 5087 1524 5153 Pythodoridis

198 5179 265 5231 tillus
284 5181 368 5232 maior
387 5182 422 5250 is,
448 5197 524 5248 quem
543 5183 700 5250 aliquamdiu
725 5199 784 5234 eum
801 5189 884 5234 maus
902 5197 1009 5249 regnum
1027 5183 1220 5234 administrasse
1238 5180 1333 5236 Strabo
1352 5179 1448 5233 scribit.
1486 5179 1525 5229 At

198 5285 256 5324 eum
272 5273 367 5328 Strabo
387 5275 515 5340 significet
533 5289 592 5328 sum
611 5283 692 5329 matre
710 5277 771 5328 riva
788 5290 895 5343 regnum
914 5291 972 5328 eum
991 5289 1023 5328 ea
1041 5273 1221 5328 administrare
1234 5273 1350 5338 desiisse,
1368 5271 1452 5338 magis
1470 5281 1524 5320 cre·
