<?xml version="1.0" encoding="UTF-8"?>
<!DOCTYPE html PUBLIC "-//W3C//DTD XHTML 1.0 Transitional//EN"
    "http://www.w3.org/TR/xhtml1/DTD/xhtml1-transitional.dtd">
<html xmlns="http://www.w3.org/1999/xhtml" xml:lang="en" lang="en">
 <head>
  <title>
</title>
<meta http-equiv="Content-Type" content="text/html;charset=utf-8" />
  <meta name='ocr-system' content='tesseract 3.04.00' />
  <meta name='ocr-capabilities' content='ocr_page ocr_carea ocr_par ocr_line ocrx_word'/>
</head>
<body>
  <div class='ocr_page' id='page_1' title='image "./ephemerisepigra01henzgoog_0244.png"; bbox 0 0 3826 5962; ppageno 0'>
   <div class='ocr_carea' id='block_1_1' title="bbox 621 495 1564 570">
    <p class='ocr_par' dir='ltr' id='par_1_1' title="bbox 621 495 1564 570">
     <span class='ocr_line' id='line_1_1' title="bbox 621 495 1564 570; baseline 0.002 -4"><span class='ocrx_word' id='word_1_1' title='bbox 621 500 918 568; x_wconf 71' lang='lat' dir='ltr'><strong>oesaatsrrouas</strong></span> <span class='ocrx_word' id='word_1_2' title='bbox 936 511 1057 566; x_wconf 76' lang='lat' dir='ltr'><strong>aerea.</strong></span> <span class='ocrx_word' id='word_1_3' title='bbox 1077 515 1128 564; x_wconf 84' lang='lat' dir='ltr'><strong>rx.</strong></span> <span class='ocrx_word' id='word_1_4' title='bbox 1147 515 1184 564; x_wconf 87' lang='lat' dir='ltr'><strong>x.</strong></span> <span class='ocrx_word' id='word_1_5' title='bbox 1494 495 1564 570; x_wconf 85' lang='grc'><strong>991</strong></span> 
     </span>
    </p>
   </div>
   <div class='ocr_carea' id='block_1_2' title="bbox 240 617 391 626">
    <p class='ocr_par' dir='ltr' id='par_1_2' title="bbox 240 617 391 626">
     <span class='ocr_line' id='line_1_2' title="bbox 240 617 391 626; baseline 0 0"><span class='ocrx_word' id='word_1_6' title='bbox 240 617 391 626; x_wconf 59' lang='grc' dir='ltr'><strong>...μ-...κιο-</strong></span> 
     </span>
    </p>
   </div>
   <div class='ocr_carea' id='block_1_3' title="bbox 150 684 1617 3670">
    <p class='ocr_par' dir='ltr' id='par_1_3' title="bbox 238 684 1617 1468">
     <span class='ocr_line' id='line_1_3' title="bbox 240 684 1568 762; baseline 0.001 -17"><span class='ocrx_word' id='word_1_7' title='bbox 240 687 318 747; x_wconf 80' lang='lat' dir='ltr'><strong>rauit</strong></span> <span class='ocrx_word' id='word_1_8' title='bbox 339 687 486 746; x_wconf 86' lang='lat' dir='ltr'><strong>elementa</strong></span> <span class='ocrx_word' id='word_1_9' title='bbox 507 703 566 744; x_wconf 88' lang='lat' dir='ltr'><strong>nou</strong></span> <span class='ocrx_word' id='word_1_10' title='bbox 589 685 788 761; x_wconf 75' lang='lat' dir='ltr'><strong>perdidicerit.</strong></span> <span class='ocrx_word' id='word_1_11' title='bbox 823 684 902 745; x_wconf 89' lang='lat' dir='ltr'><strong>Nam</strong></span> <span class='ocrx_word' id='word_1_12' title='bbox 924 685 1003 761; x_wconf 85' lang='lat' dir='ltr'><strong>adp</strong></span> <span class='ocrx_word' id='word_1_13' title='bbox 1025 704 1120 762; x_wconf 85' lang='lat' dir='ltr'><strong>usque</strong></span> <span class='ocrx_word' id='word_1_14' title='bbox 1142 685 1327 760; x_wconf 87' lang='lat' dir='ltr'><strong>exemplaria</strong></span> <span class='ocrx_word' id='word_1_15' title='bbox 1340 705 1400 745; x_wconf 88' lang='lat' dir='ltr'><strong>non</strong></span> <span class='ocrx_word' id='word_1_16' title='bbox 1415 687 1568 758; x_wconf 83' lang='lat' dir='ltr'><strong>differunt;</strong></span> 
     </span>
     <span class='ocr_line' id='line_1_4' title="bbox 239 777 1617 864; baseline 0 -18"><span class='ocrx_word' id='word_1_17' title='bbox 239 788 346 847; x_wconf 89' lang='lat' dir='ltr'><strong>deiude</strong></span> <span class='ocrx_word' id='word_1_18' title='bbox 367 805 444 864; x_wconf 88' lang='lat' dir='ltr'><strong>quae</strong></span> <span class='ocrx_word' id='word_1_19' title='bbox 465 786 626 862; x_wconf 82' lang='lat' dir='ltr'><strong>requiritur</strong></span> <span class='ocrx_word' id='word_1_20' title='bbox 646 787 748 844; x_wconf 89' lang='lat' dir='ltr'><strong>littera</strong></span> <span class='ocrx_word' id='word_1_21' title='bbox 762 805 776 846; x_wconf 84' lang='lat' dir='ltr'><strong>a</strong></span> <span class='ocrx_word' id='word_1_22' title='bbox 798 787 885 845; x_wconf 89' lang='lat' dir='ltr'><strong>adest</strong></span> <span class='ocrx_word' id='word_1_23' title='bbox 898 786 930 844; x_wconf 90' lang='lat' dir='ltr'><strong>in</strong></span> <span class='ocrx_word' id='word_1_24' title='bbox 944 786 1075 845; x_wconf 91' lang='lat' dir='ltr'><strong>secundo</strong></span> <span class='ocrx_word' id='word_1_25' title='bbox 1090 785 1245 863; x_wconf 81' lang='lat' dir='ltr'><strong>adicitque</strong></span> <span class='ocrx_word' id='word_1_26' title='bbox 1258 787 1385 846; x_wconf 81' lang='lat' dir='ltr'><strong>fortasse</strong></span> <span class='ocrx_word' id='word_1_27' title='bbox 1401 788 1430 846; x_wconf 92' lang='lat' dir='ltr'><strong>in</strong></span> <span class='ocrx_word' id='word_1_28' title='bbox 1446 795 1567 864; x_wconf 88' lang='lat' dir='ltr'><strong>quarto;</strong></span> <span class='ocrx_word' id='word_1_29' title='bbox 1615 777 1617 782; x_wconf 65' lang='grc'><strong>’</strong></span> 
     </span>
     <span class='ocr_line' id='line_1_5' title="bbox 238 887 1569 964; baseline -0.002 -18"><span class='ocrx_word' id='word_1_30' title='bbox 238 899 270 948; x_wconf 88' lang='lat' dir='ltr'><strong>at</strong></span> <span class='ocrx_word' id='word_1_31' title='bbox 291 888 323 947; x_wconf 94' lang='lat' dir='ltr'><strong>in</strong></span> <span class='ocrx_word' id='word_1_32' title='bbox 344 889 442 964; x_wconf 90' lang='lat' dir='ltr'><strong>primo</strong></span> <span class='ocrx_word' id='word_1_33' title='bbox 463 887 581 946; x_wconf 89' lang='lat' dir='ltr'><strong>intrusa</strong></span> <span class='ocrx_word' id='word_1_34' title='bbox 602 897 649 946; x_wconf 91' lang='lat' dir='ltr'><strong>est</strong></span> <span class='ocrx_word' id='word_1_35' title='bbox 669 887 734 946; x_wconf 90' lang='lat' dir='ltr'><strong>eius</strong></span> <span class='ocrx_word' id='word_1_36' title='bbox 756 887 824 946; x_wconf 90' lang='lat' dir='ltr'><strong>loco</strong></span> <span class='ocrx_word' id='word_1_37' title='bbox 845 887 983 963; x_wconf 76' lang='lat' dir='ltr'><strong>litteracp</strong></span> <span class='ocrx_word' id='word_1_38' title='bbox 1007 888 1045 944; x_wconf 93' lang='lat' dir='ltr'><strong>ab</strong></span> <span class='ocrx_word' id='word_1_39' title='bbox 1061 888 1117 946; x_wconf 93' lang='lat' dir='ltr'><strong>hoc</strong></span> <span class='ocrx_word' id='word_1_40' title='bbox 1132 895 1212 946; x_wconf 89' lang='lat' dir='ltr'><strong>certe</strong></span> <span class='ocrx_word' id='word_1_41' title='bbox 1226 887 1291 946; x_wconf 90' lang='lat' dir='ltr'><strong>loco</strong></span> <span class='ocrx_word' id='word_1_42' title='bbox 1306 888 1414 947; x_wconf 90' lang='lat' dir='ltr'><strong>aliena.</strong></span> <span class='ocrx_word' id='word_1_43' title='bbox 1452 889 1569 948; x_wconf 89' lang='lat' dir='ltr'><strong>Deinde</strong></span> 
     </span>
     <span class='ocr_line' id='line_1_6' title="bbox 238 987 1569 1065; baseline 0.001 -20"><span class='ocrx_word' id='word_1_44' title='bbox 238 1000 284 1047; x_wconf 88' lang='lat' dir='ltr'><strong>rt</strong></span> <span class='ocrx_word' id='word_1_45' title='bbox 306 988 424 1048; x_wconf 87' lang='lat' dir='ltr'><strong>litterae</strong></span> <span class='ocrx_word' id='word_1_46' title='bbox 450 988 482 1046; x_wconf 85' lang='lat' dir='ltr'><strong>ia</strong></span> <span class='ocrx_word' id='word_1_47' title='bbox 508 987 677 1064; x_wconf 76' lang='lat' dir='ltr'><strong>alphabetis</strong></span> <span class='ocrx_word' id='word_1_48' title='bbox 704 995 755 1047; x_wconf 95' lang='lat' dir='ltr'><strong>aut</strong></span> <span class='ocrx_word' id='word_1_49' title='bbox 782 999 851 1048; x_wconf 88' lang='lat' dir='ltr'><strong>sunt</strong></span> <span class='ocrx_word' id='word_1_50' title='bbox 875 998 927 1046; x_wconf 91' lang='lat' dir='ltr'><strong>aut</strong></span> <span class='ocrx_word' id='word_1_51' title='bbox 947 988 1085 1046; x_wconf 81' lang='lat' dir='ltr'><strong>videntur</strong></span> <span class='ocrx_word' id='word_1_52' title='bbox 1109 989 1214 1048; x_wconf 83' lang='lat' dir='ltr'><strong>fuisse.</strong></span> <span class='ocrx_word' id='word_1_53' title='bbox 1262 987 1402 1065; x_wconf 89' lang='lat' dir='ltr'><strong>Denique</strong></span> <span class='ocrx_word' id='word_1_54' title='bbox 1428 997 1569 1064; x_wconf 87' lang='lat' dir='ltr'><strong>quattuor</strong></span> 
     </span>
     <span class='ocr_line' id='line_1_7' title="bbox 238 1088 1570 1166; baseline 0 -18"><span class='ocrx_word' id='word_1_55' title='bbox 238 1096 389 1148; x_wconf 86' lang='lat' dir='ltr'><strong>extremae</strong></span> <span class='ocrx_word' id='word_1_56' title='bbox 417 1089 537 1147; x_wconf 79' lang='lat' dir='ltr'><strong>litterae</strong></span> <span class='ocrx_word' id='word_1_57' title='bbox 563 1088 595 1147; x_wconf 91' lang='lat' dir='ltr'><strong>in</strong></span> <span class='ocrx_word' id='word_1_58' title='bbox 614 1089 689 1150; x_wconf 70' lang='lat' dir='ltr'><strong>,solo</strong></span> <span class='ocrx_word' id='word_1_59' title='bbox 719 1089 852 1148; x_wconf 88' lang='lat' dir='ltr'><strong>secundo</strong></span> <span class='ocrx_word' id='word_1_60' title='bbox 879 1088 1038 1166; x_wconf 86' lang='lat' dir='ltr'><strong>alphabeto</strong></span> <span class='ocrx_word' id='word_1_61' title='bbox 1068 1097 1257 1165; x_wconf 78' lang='lat' dir='ltr'><strong>comparent,</strong></span> <span class='ocrx_word' id='word_1_62' title='bbox 1286 1091 1340 1150; x_wconf 88' lang='lat' dir='ltr'><strong>sed</strong></span> <span class='ocrx_word' id='word_1_63' title='bbox 1366 1100 1398 1149; x_wconf 91' lang='lat' dir='ltr'><strong>ut</strong></span> <span class='ocrx_word' id='word_1_64' title='bbox 1425 1111 1444 1148; x_wconf 83' lang='lat' dir='ltr'><strong>a</strong></span> <span class='ocrx_word' id='word_1_65' title='bbox 1469 1091 1570 1149; x_wconf 86' lang='lat' dir='ltr'><strong>littera</strong></span> 
     </span>
     <span class='ocr_line' id='line_1_8' title="bbox 238 1182 1570 1267; baseline 0.002 -19"><span class='ocrx_word' id='word_1_66' title='bbox 238 1191 368 1250; x_wconf 86' lang='lat' dir='ltr'><strong>litteram</strong></span> <span class='ocrx_word' id='word_1_67' title='bbox 390 1201 414 1266; x_wconf 85' lang='grc' dir='ltr'>φ</span> <span class='ocrx_word' id='word_1_68' title='bbox 436 1207 496 1248; x_wconf 90' lang='lat' dir='ltr'><strong>nou</strong></span> <span class='ocrx_word' id='word_1_69' title='bbox 518 1189 686 1266; x_wconf 84' lang='lat' dir='ltr'><strong>praecedat,</strong></span> <span class='ocrx_word' id='word_1_70' title='bbox 709 1191 762 1249; x_wconf 89' lang='lat' dir='ltr'><strong>sed</strong></span> <span class='ocrx_word' id='word_1_71' title='bbox 777 1199 929 1266; x_wconf 88' lang='lat' dir='ltr'><strong>sequatur.</strong></span> <span class='ocrx_word' id='word_1_72' title='bbox 966 1189 1040 1248; x_wconf 87' lang='lat' dir='ltr'><strong>Tria</strong></span> <span class='ocrx_word' id='word_1_73' title='bbox 1059 1191 1177 1267; x_wconf 89' lang='lat' dir='ltr'><strong>reliqua</strong></span> <span class='ocrx_word' id='word_1_74' title='bbox 1197 1191 1304 1250; x_wconf 88' lang='lat' dir='ltr'><strong>litteris</strong></span> <span class='ocrx_word' id='word_1_75' title='bbox 1326 1211 1345 1250; x_wconf 85' lang='lat' dir='ltr'><strong>u</strong></span> <span class='ocrx_word' id='word_1_76' title='bbox 1359 1182 1422 1266; x_wconf 56' lang='lat' dir='ltr'><strong>als</strong></span> <span class='ocrx_word' id='word_1_77' title='bbox 1439 1191 1570 1250; x_wconf 88' lang='lat' dir='ltr'><strong>caruisse</strong></span> 
     </span>
     <span class='ocr_line' id='line_1_9' title="bbox 240 1290 1569 1368; baseline 0.002 -21"><span class='ocrx_word' id='word_1_78' title='bbox 240 1290 377 1349; x_wconf 86' lang='lat' dir='ltr'><strong>videntur</strong></span> <span class='ocrx_word' id='word_1_79' title='bbox 398 1290 499 1366; x_wconf 89' lang='lat' dir='ltr'><strong>itaque</strong></span> <span class='ocrx_word' id='word_1_80' title='bbox 521 1291 656 1349; x_wconf 77' lang='lat' dir='ltr'><strong>finivisse</strong></span> <span class='ocrx_word' id='word_1_81' title='bbox 677 1291 708 1348; x_wconf 88' lang='lat' dir='ltr'><strong>in</strong></span> <span class='ocrx_word' id='word_1_82' title='bbox 730 1301 764 1366; x_wconf 80' lang='grc' dir='ltr'><strong>φ,</strong></span> <span class='ocrx_word' id='word_1_83' title='bbox 786 1291 846 1350; x_wconf 89' lang='lat' dir='ltr'><strong>nisi</strong></span> <span class='ocrx_word' id='word_1_84' title='bbox 867 1291 948 1367; x_wconf 90' lang='lat' dir='ltr'><strong>qnod</strong></span> <span class='ocrx_word' id='word_1_85' title='bbox 970 1291 1108 1367; x_wconf 88' lang='lat' dir='ltr'><strong>primum,</strong></span> <span class='ocrx_word' id='word_1_86' title='bbox 1130 1310 1196 1350; x_wconf 87' lang='lat' dir='ltr'><strong>cum</strong></span> <span class='ocrx_word' id='word_1_87' title='bbox 1219 1292 1249 1350; x_wconf 94' lang='lat' dir='ltr'><strong>id</strong></span> <span class='ocrx_word' id='word_1_88' title='bbox 1271 1293 1370 1368; x_wconf 89' lang='lat' dir='ltr'><strong>ipsum</strong></span> <span class='ocrx_word' id='word_1_89' title='bbox 1390 1293 1569 1351; x_wconf 88' lang='lat' dir='ltr'><strong>elementum</strong></span> 
     </span>
     <span class='ocr_line' id='line_1_10' title="bbox 240 1391 940 1468; baseline 0 -20"><span class='ocrx_word' id='word_1_90' title='bbox 240 1391 426 1468; x_wconf 80' lang='lat' dir='ltr'><strong>praeceperit</strong></span> <span class='ocrx_word' id='word_1_91' title='bbox 446 1391 514 1450; x_wconf 88' lang='lat' dir='ltr'><strong>loco</strong></span> <span class='ocrx_word' id='word_1_92' title='bbox 534 1391 652 1450; x_wconf 84' lang='lat' dir='ltr'><strong>litterae</strong></span> <span class='ocrx_word' id='word_1_93' title='bbox 674 1409 699 1459; x_wconf 88' lang='lat' dir='ltr'><strong>a,</strong></span> <span class='ocrx_word' id='word_1_94' title='bbox 721 1391 832 1451; x_wconf 90' lang='lat' dir='ltr'><strong>desinit</strong></span> <span class='ocrx_word' id='word_1_95' title='bbox 852 1392 883 1450; x_wconf 87' lang='lat' dir='ltr'><strong>in</strong></span> <span class='ocrx_word' id='word_1_96' title='bbox 906 1397 940 1449; x_wconf 93' lang='grc' dir='ltr'><strong>Τ.</strong></span> 
     </span>
    </p>

    <p class='ocr_par' dir='ltr' id='par_1_4' title="bbox 239 1491 1572 2070">
     <span class='ocr_line' id='line_1_11' title="bbox 324 1491 1570 1572; baseline 0.002 -23"><span class='ocrx_word' id='word_1_97' title='bbox 324 1491 390 1549; x_wconf 90' lang='lat' dir='ltr'><strong>Iam</strong></span> <span class='ocrx_word' id='word_1_98' title='bbox 411 1510 477 1550; x_wconf 89' lang='lat' dir='ltr'><strong>cum</strong></span> <span class='ocrx_word' id='word_1_99' title='bbox 492 1492 665 1564; x_wconf 83' lang='lat' dir='ltr'><strong>viderimus,</strong></span> <span class='ocrx_word' id='word_1_100' title='bbox 686 1500 827 1568; x_wconf 89' lang='lat' dir='ltr'><strong>quattuor</strong></span> <span class='ocrx_word' id='word_1_101' title='bbox 848 1493 902 1552; x_wconf 93' lang='lat' dir='ltr'><strong>illa</strong></span> <span class='ocrx_word' id='word_1_102' title='bbox 921 1493 1080 1570; x_wconf 88' lang='lat' dir='ltr'><strong>alphabeta</strong></span> <span class='ocrx_word' id='word_1_103' title='bbox 1094 1495 1244 1570; x_wconf 91' lang='lat' dir='ltr'><strong>quomodo</strong></span> <span class='ocrx_word' id='word_1_104' title='bbox 1259 1495 1396 1553; x_wconf 88' lang='lat' dir='ltr'><strong>ordinata</strong></span> <span class='ocrx_word' id='word_1_105' title='bbox 1411 1494 1482 1566; x_wconf 88' lang='lat' dir='ltr'><strong>sint,</strong></span> <span class='ocrx_word' id='word_1_106' title='bbox 1503 1495 1570 1572; x_wconf 88' lang='lat' dir='ltr'><strong>ipsa</strong></span> 
     </span>
     <span class='ocr_line' id='line_1_12' title="bbox 241 1585 1568 1674; baseline 0.002 -24"><span class='ocrx_word' id='word_1_107' title='bbox 241 1592 427 1663; x_wconf 85' lang='lat' dir='ltr'><strong>confirmant,</strong></span> <span class='ocrx_word' id='word_1_108' title='bbox 449 1585 526 1669; x_wconf 82' lang='lat' dir='ltr'><strong>quae</strong></span> <span class='ocrx_word' id='word_1_109' title='bbox 541 1593 589 1652; x_wconf 84' lang='lat' dir='ltr'><strong>rel</strong></span> <span class='ocrx_word' id='word_1_110' title='bbox 610 1613 650 1652; x_wconf 91' lang='lat' dir='ltr'><strong>ex</strong></span> <span class='ocrx_word' id='word_1_111' title='bbox 671 1593 737 1652; x_wconf 93' lang='lat' dir='ltr'><strong>loco</strong></span> <span class='ocrx_word' id='word_1_112' title='bbox 760 1613 819 1671; x_wconf 93' lang='lat' dir='ltr'><strong>quo</strong></span> <span class='ocrx_word' id='word_1_113' title='bbox 841 1603 959 1671; x_wconf 89' lang='lat' dir='ltr'><strong>reperta</strong></span> <span class='ocrx_word' id='word_1_114' title='bbox 973 1602 1042 1654; x_wconf 91' lang='lat' dir='ltr'><strong>sunt</strong></span> <span class='ocrx_word' id='word_1_115' title='bbox 1055 1595 1215 1671; x_wconf 82' lang='lat' dir='ltr'><strong>colligitur,</strong></span> <span class='ocrx_word' id='word_1_116' title='bbox 1238 1597 1385 1674; x_wconf 83' lang='lat' dir='ltr'><strong>originem</strong></span> <span class='ocrx_word' id='word_1_117' title='bbox 1400 1595 1568 1654; x_wconf 85' lang='lat' dir='ltr'><strong>Etruscam.</strong></span> 
     </span>
     <span class='ocr_line' id='line_1_13' title="bbox 239 1692 1571 1770; baseline 0.003 -19"><span class='ocrx_word' id='word_1_118' title='bbox 239 1692 358 1752; x_wconf 79' lang='lat' dir='ltr'><strong>Desunt</strong></span> <span class='ocrx_word' id='word_1_119' title='bbox 380 1692 457 1750; x_wconf 89' lang='lat' dir='ltr'><strong>euim</strong></span> <span class='ocrx_word' id='word_1_120' title='bbox 480 1693 627 1752; x_wconf 89' lang='lat' dir='ltr'><strong>elementa</strong></span> <span class='ocrx_word' id='word_1_121' title='bbox 648 1695 799 1770; x_wconf 79' lang='lat' dir='ltr'><strong>bdopa</strong></span> <span class='ocrx_word' id='word_1_122' title='bbox 820 1696 858 1754; x_wconf 89' lang='lat' dir='ltr'><strong>ab</strong></span> <span class='ocrx_word' id='word_1_123' title='bbox 880 1695 1017 1755; x_wconf 82' lang='lat' dir='ltr'><strong>Etruscis</strong></span> <span class='ocrx_word' id='word_1_124' title='bbox 1040 1705 1155 1754; x_wconf 90' lang='lat' dir='ltr'><strong>mature</strong></span> <span class='ocrx_word' id='word_1_125' title='bbox 1176 1695 1313 1770; x_wconf 84' lang='lat' dir='ltr'><strong>expulsa,</strong></span> <span class='ocrx_word' id='word_1_126' title='bbox 1336 1696 1423 1755; x_wconf 87' lang='lat' dir='ltr'><strong>adest</strong></span> <span class='ocrx_word' id='word_1_127' title='bbox 1445 1697 1571 1755; x_wconf 90' lang='lat' dir='ltr'><strong>elemen-</strong></span> 
     </span>
     <span class='ocr_line' id='line_1_14' title="bbox 240 1780 1570 1874; baseline 0.003 -24"><span class='ocrx_word' id='word_1_128' title='bbox 240 1803 301 1850; x_wconf 88' lang='lat' dir='ltr'><strong>tum</strong></span> <span class='ocrx_word' id='word_1_129' title='bbox 326 1780 350 1858; x_wconf 89' lang='lat'><em>8</em></span> <span class='ocrx_word' id='word_1_130' title='bbox 373 1794 436 1852; x_wconf 84' lang='lat' dir='ltr'><strong>sive</strong></span> <span class='ocrx_word' id='word_1_131' title='bbox 451 1797 476 1868; x_wconf 85' lang='lat' dir='ltr'><strong><em>s</em></strong></span> <span class='ocrx_word' id='word_1_132' title='bbox 492 1794 530 1853; x_wconf 93' lang='lat' dir='ltr'><strong>ab</strong></span> <span class='ocrx_word' id='word_1_133' title='bbox 543 1794 650 1854; x_wconf 88' lang='lat' dir='ltr'><strong>iisdem</strong></span> <span class='ocrx_word' id='word_1_134' title='bbox 665 1795 703 1854; x_wconf 89' lang='lat' dir='ltr'><strong>ad</strong></span> <span class='ocrx_word' id='word_1_135' title='bbox 717 1805 841 1873; x_wconf 87' lang='lat' dir='ltr'><strong>accepta</strong></span> <span class='ocrx_word' id='word_1_136' title='bbox 855 1815 873 1854; x_wconf 87' lang='lat' dir='ltr'><strong>a</strong></span> <span class='ocrx_word' id='word_1_137' title='bbox 888 1795 1013 1857; x_wconf 89' lang='lat' dir='ltr'><strong>Graecis</strong></span> <span class='ocrx_word' id='word_1_138' title='bbox 1029 1796 1185 1856; x_wconf 88' lang='lat' dir='ltr'><strong>adiectum.</strong></span> <span class='ocrx_word' id='word_1_139' title='bbox 1224 1795 1456 1874; x_wconf 77' lang='lat' dir='ltr'><strong>comparatione</strong></span> <span class='ocrx_word' id='word_1_140' title='bbox 1471 1805 1570 1856; x_wconf 88' lang='lat' dir='ltr'><strong>sutem</strong></span> 
     </span>
     <span class='ocr_line' id='line_1_15' title="bbox 240 1893 1572 1974; baseline 0.003 -24"><span class='ocrx_word' id='word_1_141' title='bbox 240 1893 378 1952; x_wconf 91' lang='lat' dir='ltr'><strong>instituta</strong></span> <span class='ocrx_word' id='word_1_142' title='bbox 404 1895 630 1970; x_wconf 86' lang='lat' dir='ltr'><strong>alphabetorum</strong></span> <span class='ocrx_word' id='word_1_143' title='bbox 653 1894 844 1956; x_wconf 83' lang='lat' dir='ltr'><strong>Clusinorum</strong></span> <span class='ocrx_word' id='word_1_144' title='bbox 871 1917 938 1956; x_wconf 89' lang='lat' dir='ltr'><strong>cum</strong></span> <span class='ocrx_word' id='word_1_145' title='bbox 966 1897 1103 1956; x_wconf 80' lang='lat' dir='ltr'><strong>Etruscis</strong></span> <span class='ocrx_word' id='word_1_146' title='bbox 1131 1897 1255 1974; x_wconf 90' lang='lat' dir='ltr'><strong>reliquis</strong></span> <span class='ocrx_word' id='word_1_147' title='bbox 1282 1898 1355 1956; x_wconf 86' lang='lat' dir='ltr'><strong>haec</strong></span> <span class='ocrx_word' id='word_1_148' title='bbox 1380 1899 1572 1957; x_wconf 80' lang='lat' dir='ltr'><strong>inveniuntur</strong></span> 
     </span>
     <span class='ocr_line' id='line_1_16' title="bbox 241 1995 589 2070; baseline 0.009 -19"><span class='ocrx_word' id='word_1_149' title='bbox 241 1995 364 2070; x_wconf 90' lang='lat' dir='ltr'><strong>propria</strong></span> <span class='ocrx_word' id='word_1_150' title='bbox 385 2003 414 2053; x_wconf 89' lang='lat' dir='ltr'><strong>et</strong></span> <span class='ocrx_word' id='word_1_151' title='bbox 435 1997 589 2056; x_wconf 87' lang='lat' dir='ltr'><strong>notabilia.</strong></span> 
     </span>
    </p>

    <p class='ocr_par' dir='ltr' id='par_1_5' title="bbox 242 2096 1574 2477">
     <span class='ocr_line' id='line_1_17' title="bbox 329 2096 1571 2177; baseline 0.002 -24"><span class='ocrx_word' id='word_1_152' title='bbox 329 2097 355 2152; x_wconf 93' lang='grc'><strong>1.</strong></span> <span class='ocrx_word' id='word_1_153' title='bbox 387 2096 559 2174; x_wconf 85' lang='lat' dir='ltr'><strong>Alphebeta</strong></span> <span class='ocrx_word' id='word_1_154' title='bbox 573 2097 702 2156; x_wconf 87' lang='lat' dir='ltr'><strong>Etrusca</strong></span> <span class='ocrx_word' id='word_1_155' title='bbox 715 2099 853 2177; x_wconf 81' lang='lat' dir='ltr'><strong>vulgaria</strong></span> <span class='ocrx_word' id='word_1_156' title='bbox 873 2117 939 2158; x_wconf 90' lang='lat' dir='ltr'><strong>cnm</strong></span> <span class='ocrx_word' id='word_1_157' title='bbox 962 2099 1091 2158; x_wconf 88' lang='lat' dir='ltr'><strong>habeant</strong></span> <span class='ocrx_word' id='word_1_158' title='bbox 1114 2101 1243 2158; x_wconf 90' lang='lat' dir='ltr'><strong>litteram</strong></span> <span class='ocrx_word' id='word_1_159' title='bbox 1265 2118 1289 2170; x_wconf 91' lang='lat' dir='ltr'><strong>c,</strong></span> <span class='ocrx_word' id='word_1_160' title='bbox 1312 2099 1450 2158; x_wconf 89' lang='lat' dir='ltr'><strong>omittant</strong></span> <span class='ocrx_word' id='word_1_161' title='bbox 1471 2099 1499 2170; x_wconf 84' lang='lat' dir='ltr'><strong>lc,</strong></span> <span class='ocrx_word' id='word_1_162' title='bbox 1524 2101 1571 2157; x_wconf 92' lang='lat' dir='ltr'><strong>hic</strong></span> 
     </span>
     <span class='ocr_line' id='line_1_18' title="bbox 243 2197 1572 2276; baseline 0.003 -23"><span class='ocrx_word' id='word_1_163' title='bbox 243 2215 259 2252; x_wconf 92' lang='lat' dir='ltr'><strong>e</strong></span> <span class='ocrx_word' id='word_1_164' title='bbox 282 2197 432 2254; x_wconf 91' lang='lat' dir='ltr'><strong>contrario</strong></span> <span class='ocrx_word' id='word_1_165' title='bbox 452 2198 472 2255; x_wconf 81' lang='lat' dir='ltr'><strong>lc</strong></span> <span class='ocrx_word' id='word_1_166' title='bbox 493 2199 586 2270; x_wconf 80' lang='lat' dir='ltr'><strong>adest,</strong></span> <span class='ocrx_word' id='word_1_167' title='bbox 608 2201 694 2260; x_wconf 93' lang='lat' dir='ltr'><strong>abest</strong></span> <span class='ocrx_word' id='word_1_168' title='bbox 714 2220 738 2259; x_wconf 87' lang='lat' dir='ltr'><strong>c.</strong></span> <span class='ocrx_word' id='word_1_169' title='bbox 777 2197 865 2274; x_wconf 78' lang='lat' dir='ltr'><strong>Quod</strong></span> <span class='ocrx_word' id='word_1_170' title='bbox 885 2217 1067 2276; x_wconf 88' lang='lat' dir='ltr'><strong>quamquam</strong></span> <span class='ocrx_word' id='word_1_171' title='bbox 1082 2219 1192 2258; x_wconf 89' lang='lat' dir='ltr'><strong>novum</strong></span> <span class='ocrx_word' id='word_1_172' title='bbox 1209 2207 1263 2272; x_wconf 88' lang='lat' dir='ltr'><strong>est,</strong></span> <span class='ocrx_word' id='word_1_173' title='bbox 1287 2209 1386 2258; x_wconf 88' lang='lat' dir='ltr'><strong>tamen</strong></span> <span class='ocrx_word' id='word_1_174' title='bbox 1399 2209 1480 2260; x_wconf 87' lang='lat' dir='ltr'><strong>recte</strong></span> <span class='ocrx_word' id='word_1_175' title='bbox 1493 2218 1572 2258; x_wconf 91' lang='lat' dir='ltr'><strong>com·</strong></span> 
     </span>
     <span class='ocr_line' id='line_1_19' title="bbox 242 2299 1574 2378; baseline 0.003 -22"><span class='ocrx_word' id='word_1_176' title='bbox 242 2307 370 2373; x_wconf 90' lang='lat' dir='ltr'><strong>ponetur</strong></span> <span class='ocrx_word' id='word_1_177' title='bbox 391 2317 455 2357; x_wconf 91' lang='lat' dir='ltr'><strong>oum</strong></span> <span class='ocrx_word' id='word_1_178' title='bbox 478 2301 639 2378; x_wconf 90' lang='lat' dir='ltr'><strong>alphabeto</strong></span> <span class='ocrx_word' id='word_1_179' title='bbox 654 2301 782 2360; x_wconf 89' lang='lat' dir='ltr'><strong>Etrusco</strong></span> <span class='ocrx_word' id='word_1_180' title='bbox 801 2301 917 2360; x_wconf 88' lang='lat' dir='ltr'><strong>vasculi</strong></span> <span class='ocrx_word' id='word_1_181' title='bbox 932 2299 1041 2359; x_wconf 89' lang='lat' dir='ltr'><strong>Nolani</strong></span> <span class='ocrx_word' id='word_1_182' title='bbox 1065 2301 1174 2376; x_wconf 90' lang='lat' dir='ltr'><strong>prioris</strong></span> <span class='ocrx_word' id='word_1_183' title='bbox 1195 2301 1214 2358; x_wconf 93' lang='lat' dir='ltr'><strong>l.</strong></span> <span class='ocrx_word' id='word_1_184' title='bbox 1232 2319 1256 2359; x_wconf 93' lang='lat' dir='ltr'><strong>c.</strong></span> <span class='ocrx_word' id='word_1_185' title='bbox 1280 2319 1298 2358; x_wconf 90' lang='lat' dir='ltr'><strong>a</strong></span> <span class='ocrx_word' id='word_1_186' title='bbox 1320 2320 1367 2359; x_wconf 89' lang='lat' dir='ltr'><strong>me</strong></span> <span class='ocrx_word' id='word_1_187' title='bbox 1389 2302 1471 2373; x_wconf 88' lang='lat' dir='ltr'><strong>editi,</strong></span> <span class='ocrx_word' id='word_1_188' title='bbox 1493 2301 1574 2360; x_wconf 89' lang='lat' dir='ltr'><strong>ubic</strong></span> 
     </span>
     <span class='ocr_line' id='line_1_20' title="bbox 242 2398 1573 2477; baseline 0.003 -21"><span class='ocrx_word' id='word_1_189' title='bbox 242 2398 289 2457; x_wconf 87' lang='lat' dir='ltr'><strong>bis</strong></span> <span class='ocrx_word' id='word_1_190' title='bbox 311 2401 453 2476; x_wconf 90' lang='lat' dir='ltr'><strong>repetitur</strong></span> <span class='ocrx_word' id='word_1_191' title='bbox 474 2414 504 2460; x_wconf 90' lang='lat' dir='ltr'><strong>et</strong></span> <span class='ocrx_word' id='word_1_192' title='bbox 525 2419 579 2461; x_wconf 91' lang='lat' dir='ltr'><strong>suo</strong></span> <span class='ocrx_word' id='word_1_193' title='bbox 600 2401 667 2460; x_wconf 92' lang='lat' dir='ltr'><strong>loco</strong></span> <span class='ocrx_word' id='word_1_194' title='bbox 689 2411 718 2460; x_wconf 93' lang='lat' dir='ltr'><strong>et</strong></span> <span class='ocrx_word' id='word_1_195' title='bbox 739 2402 805 2461; x_wconf 86' lang='lat' dir='ltr'><strong>loco</strong></span> <span class='ocrx_word' id='word_1_196' title='bbox 826 2402 944 2462; x_wconf 86' lang='lat' dir='ltr'><strong>litterae</strong></span> <span class='ocrx_word' id='word_1_197' title='bbox 967 2402 994 2460; x_wconf 83' lang='lat' dir='ltr'><strong>lc.</strong></span> <span class='ocrx_word' id='word_1_198' title='bbox 1038 2401 1177 2477; x_wconf 90' lang='lat' dir='ltr'><strong>Denique</strong></span> <span class='ocrx_word' id='word_1_199' title='bbox 1201 2419 1219 2458; x_wconf 90' lang='lat' dir='ltr'><strong>a</strong></span> <span class='ocrx_word' id='word_1_200' title='bbox 1240 2400 1336 2458; x_wconf 91' lang='lat' dir='ltr'><strong>titulis</strong></span> <span class='ocrx_word' id='word_1_201' title='bbox 1359 2402 1573 2460; x_wconf 84' lang='lat' dir='ltr'><strong>vetustioribus</strong></span> 
     </span>
    </p>

    <p class='ocr_par' dir='ltr' id='par_1_6' title="bbox 150 2499 1574 2662">
     <span class='ocr_line' id='line_1_21' title="bbox 150 2499 1574 2580; baseline 0.002 -23"><span class='ocrx_word' id='word_1_202' title='bbox 150 2539 154 2548; x_wconf 74' lang='lat'>·</span> <span class='ocrx_word' id='word_1_203' title='bbox 243 2499 418 2576; x_wconf 87' lang='lat' dir='ltr'><strong>Etruscis¹)</strong></span> <span class='ocrx_word' id='word_1_204' title='bbox 447 2511 480 2561; x_wconf 91' lang='lat' dir='ltr'><strong>ut</strong></span> <span class='ocrx_word' id='word_1_205' title='bbox 506 2503 544 2561; x_wconf 92' lang='lat' dir='ltr'><strong>ab</strong></span> <span class='ocrx_word' id='word_1_206' title='bbox 573 2503 696 2563; x_wconf 89' lang='lat' dir='ltr'><strong>Umbris</strong></span> <span class='ocrx_word' id='word_1_207' title='bbox 722 2505 835 2579; x_wconf 90' lang='lat' dir='ltr'><strong>pariter</strong></span> <span class='ocrx_word' id='word_1_208' title='bbox 864 2512 953 2580; x_wconf 89' lang='lat' dir='ltr'><strong>atque</strong></span> <span class='ocrx_word' id='word_1_209' title='bbox 980 2503 1017 2561; x_wconf 87' lang='lat' dir='ltr'><strong>ab</strong></span> <span class='ocrx_word' id='word_1_210' title='bbox 1043 2503 1102 2562; x_wconf 91' lang='lat' dir='ltr'><strong>hoc</strong></span> <span class='ocrx_word' id='word_1_211' title='bbox 1127 2501 1287 2578; x_wconf 89' lang='lat' dir='ltr'><strong>alphabeto</strong></span> <span class='ocrx_word' id='word_1_212' title='bbox 1315 2503 1401 2561; x_wconf 90' lang='lat' dir='ltr'><strong>abest</strong></span> <span class='ocrx_word' id='word_1_213' title='bbox 1427 2521 1455 2573; x_wconf 91' lang='lat' dir='ltr'><strong>c,</strong></span> <span class='ocrx_word' id='word_1_214' title='bbox 1487 2501 1574 2560; x_wconf 88' lang='lat' dir='ltr'><strong>adest</strong></span> 
     </span>
     <span class='ocr_line' id='line_1_22' title="bbox 244 2601 446 2662; baseline 0.02 -4"><span class='ocrx_word' id='word_1_215' title='bbox 244 2601 307 2660; x_wconf 90' lang='lat' dir='ltr'><strong>eius</strong></span> <span class='ocrx_word' id='word_1_216' title='bbox 329 2601 396 2662; x_wconf 93' lang='lat' dir='ltr'><strong>loco</strong></span> <span class='ocrx_word' id='word_1_217' title='bbox 419 2604 446 2662; x_wconf 87' lang='lat' dir='ltr'><strong>k.</strong></span> 
     </span>
    </p>

    <p class='ocr_par' dir='ltr' id='par_1_7' title="bbox 243 2690 1572 2883">
     <span class='ocr_line' id='line_1_23' title="bbox 328 2690 1572 2780; baseline -0.001 -19"><span class='ocrx_word' id='word_1_218' title='bbox 328 2701 355 2761; x_wconf 92' lang='grc'><strong>9.</strong></span> <span class='ocrx_word' id='word_1_219' title='bbox 393 2702 469 2762; x_wconf 84' lang='lat' dir='ltr'><strong>Cum</strong></span> <span class='ocrx_word' id='word_1_220' title='bbox 497 2705 675 2763; x_wconf 87' lang='lat' dir='ltr'><strong>elementum</strong></span> <span class='ocrx_word' id='word_1_221' title='bbox 702 2725 716 2764; x_wconf 88' lang='lat' dir='ltr'><strong>a</strong></span> <span class='ocrx_word' id='word_1_222' title='bbox 744 2705 774 2764; x_wconf 91' lang='lat' dir='ltr'><strong>iu</strong></span> <span class='ocrx_word' id='word_1_223' title='bbox 796 2705 926 2765; x_wconf 86' lang='lat' dir='ltr'><strong>Etrusca</strong></span> <span class='ocrx_word' id='word_1_224' title='bbox 952 2705 1122 2763; x_wconf 87' lang='lat' dir='ltr'><strong>litteratura</strong></span> <span class='ocrx_word' id='word_1_225' title='bbox 1147 2703 1258 2780; x_wconf 86' lang='lat' dir='ltr'><strong>duplex</strong></span> <span class='ocrx_word' id='word_1_226' title='bbox 1287 2690 1326 2761; x_wconf 86' lang='lat' dir='ltr'><strong>sil</strong></span> <span class='ocrx_word' id='word_1_227' title='bbox 1353 2719 1377 2760; x_wconf 84' lang='lat' dir='ltr'><strong>m</strong></span> <span class='ocrx_word' id='word_1_228' title='bbox 1405 2710 1475 2779; x_wconf 90' lang='lat' dir='ltr'><strong>post</strong></span> <span class='ocrx_word' id='word_1_229' title='bbox 1492 2723 1530 2780; x_wconf 88' lang='lat' dir='ltr'><strong>p,</strong></span> <span class='ocrx_word' id='word_1_230' title='bbox 1558 2718 1572 2760; x_wconf 87' lang='lat' dir='ltr'><strong>s</strong></span> 
     </span>
     <span class='ocr_line' id='line_1_24' title="bbox 243 2803 1241 2883; baseline 0.002 -23"><span class='ocrx_word' id='word_1_231' title='bbox 243 2813 314 2880; x_wconf 90' lang='lat' dir='ltr'><strong>post</strong></span> <span class='ocrx_word' id='word_1_232' title='bbox 334 2823 359 2874; x_wconf 86' lang='lat' dir='ltr'><strong>r,</strong></span> <span class='ocrx_word' id='word_1_233' title='bbox 381 2805 412 2862; x_wconf 92' lang='lat' dir='ltr'><strong>in</strong></span> <span class='ocrx_word' id='word_1_234' title='bbox 434 2805 601 2883; x_wconf 85' lang='lat' dir='ltr'><strong>alphabetis</strong></span> <span class='ocrx_word' id='word_1_235' title='bbox 623 2807 671 2864; x_wconf 92' lang='lat' dir='ltr'><strong>his</strong></span> <span class='ocrx_word' id='word_1_236' title='bbox 694 2805 828 2866; x_wconf 81' lang='lat' dir='ltr'><strong>Clusinis</strong></span> <span class='ocrx_word' id='word_1_237' title='bbox 851 2807 908 2865; x_wconf 92' lang='lat' dir='ltr'><strong>hoc</strong></span> <span class='ocrx_word' id='word_1_238' title='bbox 929 2805 1047 2864; x_wconf 82' lang='lat' dir='ltr'><strong>ridetur</strong></span> <span class='ocrx_word' id='word_1_239' title='bbox 1068 2803 1241 2862; x_wconf 87' lang='lat' dir='ltr'><strong>desiderari.</strong></span> 
     </span>
    </p>

    <p class='ocr_par' dir='ltr' id='par_1_8' title="bbox 245 2904 1574 3486">
     <span class='ocr_line' id='line_1_25' title="bbox 329 2904 1574 2984; baseline 0.001 -22"><span class='ocrx_word' id='word_1_240' title='bbox 329 2904 356 2962; x_wconf 88' lang='grc'><strong>3.</strong></span> <span class='ocrx_word' id='word_1_241' title='bbox 390 2906 424 2965; x_wconf 94' lang='lat' dir='ltr'><strong>ln</strong></span> <span class='ocrx_word' id='word_1_242' title='bbox 446 2907 608 2984; x_wconf 91' lang='lat' dir='ltr'><strong>alphabeto</strong></span> <span class='ocrx_word' id='word_1_243' title='bbox 631 2909 760 2966; x_wconf 91' lang='lat' dir='ltr'><strong>secundo</strong></span> <span class='ocrx_word' id='word_1_244' title='bbox 782 2907 913 2966; x_wconf 88' lang='lat' dir='ltr'><strong>cernitur</strong></span> <span class='ocrx_word' id='word_1_245' title='bbox 933 2905 1033 2965; x_wconf 89' lang='lat' dir='ltr'><strong>littera</strong></span> <span class='ocrx_word' id='word_1_246' title='bbox 1052 2923 1071 2962; x_wconf 85' lang='lat' dir='ltr'><strong>u</strong></span> <span class='ocrx_word' id='word_1_247' title='bbox 1088 2904 1156 2963; x_wconf 91' lang='lat' dir='ltr'><strong>loco</strong></span> <span class='ocrx_word' id='word_1_248' title='bbox 1171 2911 1262 2976; x_wconf 88' lang='lat' dir='ltr'><strong>mota,</strong></span> <span class='ocrx_word' id='word_1_249' title='bbox 1285 2905 1400 2964; x_wconf 88' lang='lat' dir='ltr'><strong>scilicet</strong></span> <span class='ocrx_word' id='word_1_250' title='bbox 1414 2923 1452 2964; x_wconf 87' lang='lat' dir='ltr'><strong>ex</strong></span> <span class='ocrx_word' id='word_1_251' title='bbox 1468 2913 1574 2982; x_wconf 89' lang='lat' dir='ltr'><strong>quarto</strong></span> 
     </span>
     <span class='ocr_line' id='line_1_26' title="bbox 246 3005 1573 3083; baseline 0.002 -20"><span class='ocrx_word' id='word_1_252' title='bbox 246 3025 264 3063; x_wconf 92' lang='lat' dir='ltr'><strong>a</strong></span> <span class='ocrx_word' id='word_1_253' title='bbox 286 3007 343 3064; x_wconf 87' lang='lat' dir='ltr'><strong>liae</strong></span> <span class='ocrx_word' id='word_1_254' title='bbox 364 3006 432 3065; x_wconf 88' lang='lat' dir='ltr'><strong>loco</strong></span> <span class='ocrx_word' id='word_1_255' title='bbox 452 3009 599 3068; x_wconf 89' lang='lat' dir='ltr'><strong>translata</strong></span> <span class='ocrx_word' id='word_1_256' title='bbox 622 3009 652 3066; x_wconf 91' lang='lat' dir='ltr'><strong>in</strong></span> <span class='ocrx_word' id='word_1_257' title='bbox 673 3009 807 3079; x_wconf 89' lang='lat' dir='ltr'><strong>tertium;</strong></span> <span class='ocrx_word' id='word_1_258' title='bbox 829 3009 888 3066; x_wconf 89' lang='lat' dir='ltr'><strong>tria</strong></span> <span class='ocrx_word' id='word_1_259' title='bbox 908 3017 1007 3069; x_wconf 88' lang='lat' dir='ltr'><strong>autem</strong></span> <span class='ocrx_word' id='word_1_260' title='bbox 1029 3005 1145 3083; x_wconf 91' lang='lat' dir='ltr'><strong>reliqua</strong></span> <span class='ocrx_word' id='word_1_261' title='bbox 1164 3005 1324 3083; x_wconf 89' lang='lat' dir='ltr'><strong>alphabeta</strong></span> <span class='ocrx_word' id='word_1_262' title='bbox 1343 3013 1445 3064; x_wconf 91' lang='lat' dir='ltr'><strong>carent</strong></span> <span class='ocrx_word' id='word_1_263' title='bbox 1466 3007 1573 3066; x_wconf 89' lang='lat' dir='ltr'><strong>litteris</strong></span> 
     </span>
     <span class='ocr_line' id='line_1_27' title="bbox 245 3106 1574 3184; baseline 0.002 -20"><span class='ocrx_word' id='word_1_264' title='bbox 245 3107 342 3165; x_wconf 88' lang='lat' dir='ltr'><strong>tribus</strong></span> <span class='ocrx_word' id='word_1_265' title='bbox 357 3125 377 3164; x_wconf 85' lang='lat' dir='ltr'><strong>a</strong></span> <span class='ocrx_word' id='word_1_266' title='bbox 392 3110 454 3183; x_wconf 70' lang='grc' dir='ltr'><strong>χῘ,</strong></span> <span class='ocrx_word' id='word_1_267' title='bbox 476 3127 553 3184; x_wconf 86' lang='lat' dir='ltr'><strong>quae</strong></span> <span class='ocrx_word' id='word_1_268' title='bbox 574 3109 690 3170; x_wconf 89' lang='lat' dir='ltr'><strong>litterae</strong></span> <span class='ocrx_word' id='word_1_269' title='bbox 710 3109 741 3166; x_wconf 88' lang='lat' dir='ltr'><strong>in</strong></span> <span class='ocrx_word' id='word_1_270' title='bbox 763 3109 921 3184; x_wconf 90' lang='lat' dir='ltr'><strong>alphabeto</strong></span> <span class='ocrx_word' id='word_1_271' title='bbox 944 3107 1085 3179; x_wconf 88' lang='lat' dir='ltr'><strong>secundo,</strong></span> <span class='ocrx_word' id='word_1_272' title='bbox 1107 3107 1159 3165; x_wconf 90' lang='lat' dir='ltr'><strong>ubi</strong></span> <span class='ocrx_word' id='word_1_273' title='bbox 1181 3126 1200 3164; x_wconf 84' lang='lat' dir='ltr'><strong>a</strong></span> <span class='ocrx_word' id='word_1_274' title='bbox 1222 3106 1477 3184; x_wconf 87' lang='lat' dir='ltr'><strong>antepaenultima</strong></span> <span class='ocrx_word' id='word_1_275' title='bbox 1495 3107 1574 3166; x_wconf 85' lang='lat' dir='ltr'><strong>sacta</strong></span> 
     </span>
     <span class='ocr_line' id='line_1_28' title="bbox 246 3207 1574 3278; baseline 0.002 -12"><span class='ocrx_word' id='word_1_276' title='bbox 246 3216 301 3278; x_wconf 90' lang='lat' dir='ltr'><strong>est,</strong></span> <span class='ocrx_word' id='word_1_277' title='bbox 323 3217 474 3268; x_wconf 85' lang='lat' dir='ltr'><strong>extremae</strong></span> <span class='ocrx_word' id='word_1_278' title='bbox 496 3217 575 3269; x_wconf 91' lang='lat' dir='ltr'><strong>sunt.</strong></span> <span class='ocrx_word' id='word_1_279' title='bbox 612 3211 749 3271; x_wconf 88' lang='lat' dir='ltr'><strong>Omissio</strong></span> <span class='ocrx_word' id='word_1_280' title='bbox 770 3211 845 3269; x_wconf 87' lang='lat' dir='ltr'><strong>baec</strong></span> <span class='ocrx_word' id='word_1_281' title='bbox 866 3211 932 3269; x_wconf 87' lang='lat' dir='ltr'><strong>sine</strong></span> <span class='ocrx_word' id='word_1_282' title='bbox 954 3207 1044 3268; x_wconf 90' lang='lat' dir='ltr'><strong>dubio</strong></span> <span class='ocrx_word' id='word_1_283' title='bbox 1066 3207 1143 3267; x_wconf 88' lang='lat' dir='ltr'><strong>redit</strong></span> <span class='ocrx_word' id='word_1_284' title='bbox 1163 3207 1200 3266; x_wconf 89' lang='lat' dir='ltr'><strong>ad</strong></span> <span class='ocrx_word' id='word_1_285' title='bbox 1223 3210 1319 3268; x_wconf 91' lang='lat' dir='ltr'><strong>solam</strong></span> <span class='ocrx_word' id='word_1_286' title='bbox 1341 3208 1501 3268; x_wconf 85' lang='lat' dir='ltr'><strong>scribentis</strong></span> <span class='ocrx_word' id='word_1_287' title='bbox 1523 3227 1574 3268; x_wconf 89' lang='lat' dir='ltr'><strong>ne-</strong></span> 
     </span>
     <span class='ocr_line' id='line_1_29' title="bbox 245 3307 1574 3388; baseline 0 -20"><span class='ocrx_word' id='word_1_288' title='bbox 245 3309 439 3386; x_wconf 67' lang='lat' dir='ltr'><strong>glegentiam</strong></span> <span class='ocrx_word' id='word_1_289' title='bbox 462 3331 517 3369; x_wconf 93' lang='lat' dir='ltr'><strong>nec</strong></span> <span class='ocrx_word' id='word_1_290' title='bbox 538 3311 635 3382; x_wconf 87' lang='lat' dir='ltr'><strong>video,</strong></span> <span class='ocrx_word' id='word_1_291' title='bbox 658 3311 730 3388; x_wconf 92' lang='lat' dir='ltr'><strong>quid</strong></span> <span class='ocrx_word' id='word_1_292' title='bbox 751 3311 833 3370; x_wconf 89' lang='lat' dir='ltr'><strong>aliud</strong></span> <span class='ocrx_word' id='word_1_293' title='bbox 856 3313 980 3370; x_wconf 88' lang='lat' dir='ltr'><strong>subesse</strong></span> <span class='ocrx_word' id='word_1_294' title='bbox 1002 3311 1099 3388; x_wconf 88' lang='lat' dir='ltr'><strong>possit</strong></span> <span class='ocrx_word' id='word_1_295' title='bbox 1121 3309 1213 3368; x_wconf 87' lang='lat' dir='ltr'><strong>mirae</strong></span> <span class='ocrx_word' id='word_1_296' title='bbox 1235 3307 1279 3368; x_wconf 94' lang='lat' dir='ltr'><strong>illi</strong></span> <span class='ocrx_word' id='word_1_297' title='bbox 1300 3309 1416 3367; x_wconf 89' lang='lat' dir='ltr'><strong>litterae</strong></span> <span class='ocrx_word' id='word_1_298' title='bbox 1438 3328 1458 3366; x_wconf 83' lang='lat' dir='ltr'><strong>u</strong></span> <span class='ocrx_word' id='word_1_299' title='bbox 1479 3319 1574 3368; x_wconf 89' lang='lat' dir='ltr'><strong>trans·</strong></span> 
     </span>
     <span class='ocr_line' id='line_1_30' title="bbox 245 3411 398 3486; baseline 0.013 -20"><span class='ocrx_word' id='word_1_300' title='bbox 245 3411 398 3486; x_wconf 89' lang='lat' dir='ltr'><strong>positioni.</strong></span> 
     </span>
    </p>

    <p class='ocr_par' dir='ltr' id='par_1_9' title="bbox 247 3497 1575 3670">
     <span class='ocr_line' id='line_1_31' title="bbox 330 3497 1575 3589; baseline -0.001 -19"><span class='ocrx_word' id='word_1_301' title='bbox 330 3513 358 3570; x_wconf 79' lang='grc'><strong>4.</strong></span> <span class='ocrx_word' id='word_1_302' title='bbox 393 3510 549 3589; x_wconf 86' lang='lat' dir='ltr'><strong>Scriptura</strong></span> <span class='ocrx_word' id='word_1_303' title='bbox 570 3521 712 3588; x_wconf 90' lang='lat' dir='ltr'><strong>quattuor</strong></span> <span class='ocrx_word' id='word_1_304' title='bbox 726 3497 952 3589; x_wconf 86' lang='lat' dir='ltr'><strong>alphabetorum</strong></span> <span class='ocrx_word' id='word_1_305' title='bbox 968 3532 987 3570; x_wconf 90' lang='lat' dir='ltr'><strong>a</strong></span> <span class='ocrx_word' id='word_1_306' title='bbox 1002 3514 1125 3572; x_wconf 87' lang='lat' dir='ltr'><strong>sinistra</strong></span> <span class='ocrx_word' id='word_1_307' title='bbox 1140 3511 1329 3573; x_wconf 87' lang='lat' dir='ltr'><strong>dextrorsum</strong></span> <span class='ocrx_word' id='word_1_308' title='bbox 1346 3511 1480 3589; x_wconf 90' lang='lat' dir='ltr'><strong>procedit</strong></span> <span class='ocrx_word' id='word_1_309' title='bbox 1494 3531 1575 3569; x_wconf 90' lang='lat' dir='ltr'><strong>more</strong></span> 
     </span>
     <span class='ocr_line' id='line_1_32' title="bbox 247 3611 366 3670; baseline 0.008 -2"><span class='ocrx_word' id='word_1_310' title='bbox 247 3611 366 3670; x_wconf 89' lang='lat' dir='ltr'><strong>Latino.</strong></span> 
     </span>
    </p>
   </div>
   <div class='ocr_carea' id='block_1_4' title="bbox 811 3719 1014 3732">
    <p class='ocr_par' dir='ltr' id='par_1_10' title="bbox 811 3719 1014 3732">
     <span class='ocr_line' id='line_1_33' title="bbox 811 3719 1014 3732; baseline -0.01 0"><span class='ocrx_word' id='word_1_311' title='bbox 811 3719 1014 3732; x_wconf 48' lang='grc' dir='ltr'><strong>..ια-ι*-</strong></span> 
     </span>
    </p>
   </div>
   <div class='ocr_carea' id='block_1_5' title="bbox 588 3911 1236 3976">
    <p class='ocr_par' dir='ltr' id='par_1_11' title="bbox 588 3911 1236 3976">
     <span class='ocr_line' id='line_1_34' title="bbox 588 3911 1236 3976; baseline -0.005 -4"><span class='ocrx_word' id='word_1_312' title='bbox 588 3913 628 3972; x_wconf 87' lang='lat' dir='ltr'><strong>X.</strong></span> <span class='ocrx_word' id='word_1_313' title='bbox 673 3913 939 3976; x_wconf 85' lang='lat' dir='ltr'>FLAMONIVM.</span> <span class='ocrx_word' id='word_1_314' title='bbox 982 3911 1236 3972; x_wconf 84' lang='lat' dir='ltr'><strong>FLAMINIVM.</strong></span> 
     </span>
    </p>
   </div>
   <div class='ocr_carea' id='block_1_6' title="bbox 248 4067 1578 4653">
    <p class='ocr_par' dir='ltr' id='par_1_12' title="bbox 248 4067 1578 4653">
     <span class='ocr_line' id='line_1_35' title="bbox 334 4067 1576 4146; baseline -0.002 -21"><span class='ocrx_word' id='word_1_315' title='bbox 334 4067 480 4127; x_wconf 87' lang='lat' dir='ltr'><strong>Flaminis</strong></span> <span class='ocrx_word' id='word_1_316' title='bbox 501 4068 698 4129; x_wconf 89' lang='lat' dir='ltr'><strong>sacerdotium</strong></span> <span class='ocrx_word' id='word_1_317' title='bbox 721 4078 752 4130; x_wconf 89' lang='lat' dir='ltr'><strong>et</strong></span> <span class='ocrx_word' id='word_1_318' title='bbox 764 4073 946 4146; x_wconf 82' lang='lat' dir='ltr'><strong>flamiautma</strong></span> <span class='ocrx_word' id='word_1_319' title='bbox 966 4075 1046 4127; x_wconf 88' lang='lat' dir='ltr'><strong>recte</strong></span> <span class='ocrx_word' id='word_1_320' title='bbox 1068 4067 1128 4127; x_wconf 90' lang='lat' dir='ltr'><strong>dici</strong></span> <span class='ocrx_word' id='word_1_321' title='bbox 1149 4069 1352 4143; x_wconf 80' lang='lat' dir='ltr'><strong>etflamonium</strong></span> <span class='ocrx_word' id='word_1_322' title='bbox 1373 4071 1504 4136; x_wconf 88' lang='lat' dir='ltr'><strong>constat;</strong></span> <span class='ocrx_word' id='word_1_323' title='bbox 1519 4067 1576 4141; x_wconf 82' lang='lat' dir='ltr'><strong>fln-</strong></span> 
     </span>
     <span class='ocr_line' id='line_1_36' title="bbox 249 4164 1576 4248; baseline -0.002 -20"><span class='ocrx_word' id='word_1_324' title='bbox 249 4171 365 4228; x_wconf 78' lang='lat' dir='ltr'><strong>minium</strong></span> <span class='ocrx_word' id='word_1_325' title='bbox 384 4177 493 4244; x_wconf 89' lang='lat' dir='ltr'><strong>autem,</strong></span> <span class='ocrx_word' id='word_1_326' title='bbox 515 4189 577 4248; x_wconf 91' lang='lat' dir='ltr'><strong>qua</strong></span> <span class='ocrx_word' id='word_1_327' title='bbox 596 4171 694 4232; x_wconf 86' lang='lat' dir='ltr'><strong>forma</strong></span> <span class='ocrx_word' id='word_1_328' title='bbox 714 4171 803 4230; x_wconf 92' lang='lat' dir='ltr'><strong>hodie</strong></span> <span class='ocrx_word' id='word_1_329' title='bbox 824 4171 916 4247; x_wconf 83' lang='lat' dir='ltr'><strong>vulgo</strong></span> <span class='ocrx_word' id='word_1_330' title='bbox 938 4179 1070 4240; x_wconf 90' lang='lat' dir='ltr'><strong>utuntur,</strong></span> <span class='ocrx_word' id='word_1_331' title='bbox 1092 4167 1171 4227; x_wconf 88' lang='lat' dir='ltr'><strong>haud</strong></span> <span class='ocrx_word' id='word_1_332' title='bbox 1193 4168 1255 4226; x_wconf 89' lang='lat' dir='ltr'><strong>scio</strong></span> <span class='ocrx_word' id='word_1_333' title='bbox 1278 4185 1316 4226; x_wconf 91' lang='lat' dir='ltr'><strong>an</strong></span> <span class='ocrx_word' id='word_1_334' title='bbox 1337 4167 1411 4226; x_wconf 89' lang='lat' dir='ltr'><strong>satis</strong></span> <span class='ocrx_word' id='word_1_335' title='bbox 1434 4164 1576 4226; x_wconf 86' lang='lat' dir='ltr'><strong>Latinum</strong></span> 
     </span>
     <span class='ocr_line' id='line_1_37' title="bbox 248 4269 1576 4350; baseline -0.003 -20"><span class='ocrx_word' id='word_1_336' title='bbox 248 4291 309 4331; x_wconf 91' lang='lat' dir='ltr'><strong>non</strong></span> <span class='ocrx_word' id='word_1_337' title='bbox 331 4271 379 4330; x_wconf 91' lang='lat' dir='ltr'><strong>sit.</strong></span> <span class='ocrx_word' id='word_1_338' title='bbox 415 4269 494 4332; x_wconf 89' lang='lat' dir='ltr'><strong>Nam</strong></span> <span class='ocrx_word' id='word_1_339' title='bbox 515 4273 594 4332; x_wconf 92' lang='lat' dir='ltr'><strong>tituli</strong></span> <span class='ocrx_word' id='word_1_340' title='bbox 616 4274 668 4350; x_wconf 89' lang='lat' dir='ltr'><strong>qui</strong></span> <span class='ocrx_word' id='word_1_341' title='bbox 690 4280 794 4332; x_wconf 89' lang='lat' dir='ltr'><strong>extant</strong></span> <span class='ocrx_word' id='word_1_342' title='bbox 815 4279 934 4348; x_wconf 86' lang='lat' dir='ltr'><strong>praeter</strong></span> <span class='ocrx_word' id='word_1_343' title='bbox 946 4272 1115 4346; x_wconf 69' lang='lat' dir='ltr'><strong>flaminum</strong></span> <span class='ocrx_word' id='word_1_344' title='bbox 1131 4269 1310 4328; x_wconf 84' lang='lat' dir='ltr'><strong>vccabulum</strong></span> <span class='ocrx_word' id='word_1_345' title='bbox 1326 4283 1385 4326; x_wconf 86' lang='lat' dir='ltr'><strong>non</strong></span> <span class='ocrx_word' id='word_1_346' title='bbox 1400 4278 1576 4344; x_wconf 82' lang='lat' dir='ltr'><strong>agnoscunt,</strong></span> 
     </span>
     <span class='ocr_line' id='line_1_38' title="bbox 248 4368 1577 4450; baseline -0.005 -18"><span class='ocrx_word' id='word_1_347' title='bbox 248 4373 329 4448; x_wconf 89' lang='lat' dir='ltr'><strong>quod</strong></span> <span class='ocrx_word' id='word_1_348' title='bbox 350 4373 470 4450; x_wconf 91' lang='lat' dir='ltr'><strong>quidem</strong></span> <span class='ocrx_word' id='word_1_349' title='bbox 492 4374 595 4445; x_wconf 88' lang='lat' dir='ltr'><strong>sciam,</strong></span> <span class='ocrx_word' id='word_1_350' title='bbox 617 4374 675 4432; x_wconf 90' lang='lat' dir='ltr'><strong>nisi</strong></span> <span class='ocrx_word' id='word_1_351' title='bbox 695 4373 822 4432; x_wconf 89' lang='lat' dir='ltr'><strong>alterum</strong></span> <span class='ocrx_word' id='word_1_352' title='bbox 836 4373 977 4448; x_wconf 71' lang='lat' dir='ltr'><strong>flaucati,</strong></span> <span class='ocrx_word' id='word_1_353' title='bbox 999 4369 1079 4448; x_wconf 89' lang='lat' dir='ltr'><strong>qnod</strong></span> <span class='ocrx_word' id='word_1_354' title='bbox 1100 4370 1209 4447; x_wconf 84' lang='lat' dir='ltr'><strong>legitur</strong></span> <span class='ocrx_word' id='word_1_355' title='bbox 1230 4370 1260 4428; x_wconf 89' lang='lat' dir='ltr'><strong>in</strong></span> <span class='ocrx_word' id='word_1_356' title='bbox 1276 4369 1371 4428; x_wconf 91' lang='lat' dir='ltr'><strong>titulis</strong></span> <span class='ocrx_word' id='word_1_357' title='bbox 1389 4368 1502 4428; x_wconf 92' lang='lat' dir='ltr'><strong>Dacico</strong></span> <span class='ocrx_word' id='word_1_358' title='bbox 1518 4387 1577 4427; x_wconf 94' lang='lat' dir='ltr'><strong>uno</strong></span> 
     </span>
     <span class='ocr_line' id='line_1_39' title="bbox 248 4467 1577 4548; baseline -0.002 -18"><span class='ocrx_word' id='word_1_359' title='bbox 248 4473 408 4545; x_wconf 84' lang='lat'><strong>111,1134</strong></span> <span class='ocrx_word' id='word_1_360' title='bbox 431 4499 467 4525; x_wconf 85' lang='lat'>=</span> <span class='ocrx_word' id='word_1_361' title='bbox 489 4472 578 4534; x_wconf 80' lang='lat' dir='ltr'><strong>(irat.</strong></span> <span class='ocrx_word' id='word_1_362' title='bbox 597 4475 670 4544; x_wconf 81' lang='grc'><strong>195,</strong></span> <span class='ocrx_word' id='word_1_363' title='bbox 690 4475 726 4545; x_wconf 73' lang='lat' dir='ltr'><strong>b,</strong></span> <span class='ocrx_word' id='word_1_364' title='bbox 752 4472 899 4548; x_wconf 85' lang='lat' dir='ltr'><strong>Hispanis</strong></span> <span class='ocrx_word' id='word_1_365' title='bbox 920 4480 1062 4548; x_wconf 90' lang='lat' dir='ltr'><strong>quattuor</strong></span> <span class='ocrx_word' id='word_1_366' title='bbox 1082 4471 1127 4543; x_wconf 96' lang='lat' dir='ltr'><strong>II,</strong></span> <span class='ocrx_word' id='word_1_367' title='bbox 1149 4469 1239 4531; x_wconf 84' lang='grc'><strong>1936.</strong></span> <span class='ocrx_word' id='word_1_368' title='bbox 1261 4471 1352 4530; x_wconf 86' lang='grc'><strong>1939.</strong></span> <span class='ocrx_word' id='word_1_369' title='bbox 1373 4469 1464 4530; x_wconf 85' lang='grc'><strong>9195.</strong></span> <span class='ocrx_word' id='word_1_370' title='bbox 1485 4467 1577 4542; x_wconf 90' lang='grc'><strong>9991,</strong></span> 
     </span>
     <span class='ocr_line' id='line_1_40' title="bbox 249 4569 1578 4653; baseline 0.001 -23"><span class='ocrx_word' id='word_1_371' title='bbox 249 4573 403 4633; x_wconf 76' lang='lat' dir='ltr'><strong>Africanis</strong></span> <span class='ocrx_word' id='word_1_372' title='bbox 430 4577 561 4652; x_wconf 86' lang='lat' dir='ltr'><strong>quinque</strong></span> <span class='ocrx_word' id='word_1_373' title='bbox 583 4576 663 4653; x_wconf 88' lang='lat' dir='ltr'><strong>apud</strong></span> <span class='ocrx_word' id='word_1_374' title='bbox 682 4573 856 4634; x_wconf 89' lang='lat' dir='ltr'><strong>Reuierium</strong></span> <span class='ocrx_word' id='word_1_375' title='bbox 882 4571 1023 4631; x_wconf 79' lang='grc' dir='ltr'><strong>ιι.1498.</strong></span> <span class='ocrx_word' id='word_1_376' title='bbox 1049 4571 1139 4630; x_wconf 81' lang='grc'><strong>1499.</strong></span> <span class='ocrx_word' id='word_1_377' title='bbox 1163 4572 1252 4632; x_wconf 85' lang='grc'><strong>1730.</strong></span> <span class='ocrx_word' id='word_1_378' title='bbox 1278 4571 1357 4631; x_wconf 87' lang='grc'><strong>1894</strong></span> <span class='ocrx_word' id='word_1_379' title='bbox 1380 4571 1433 4647; x_wconf 66' lang='lat'><strong>(2</strong></span> <span class='ocrx_word' id='word_1_380' title='bbox 1452 4569 1578 4631; x_wconf 72' lang='lat' dir='ltr'><strong>llenten</strong></span> 
     </span>
    </p>
   </div>
   <div class='ocr_carea' id='block_1_7' title="bbox 250 4672 1578 4854">
    <p class='ocr_par' dir='ltr' id='par_1_13' title="bbox 250 4672 1578 4854">
     <span class='ocr_line' id='line_1_41' title="bbox 251 4672 1578 4749; baseline -0.001 -19"><span class='ocrx_word' id='word_1_381' title='bbox 251 4673 476 4748; x_wconf 63' lang='grc'><strong>5317131196,</strong></span> <span class='ocrx_word' id='word_1_382' title='bbox 506 4677 636 4736; x_wconf 86' lang='lat' dir='ltr'><strong>fortasse</strong></span> <span class='ocrx_word' id='word_1_383' title='bbox 664 4677 754 4735; x_wconf 87' lang='lat' dir='ltr'><strong>etiam</strong></span> <span class='ocrx_word' id='word_1_384' title='bbox 780 4675 811 4733; x_wconf 92' lang='lat' dir='ltr'><strong>in</strong></span> <span class='ocrx_word' id='word_1_385' title='bbox 839 4673 917 4732; x_wconf 85' lang='lat' dir='ltr'><strong>aliis.</strong></span> <span class='ocrx_word' id='word_1_386' title='bbox 965 4672 1056 4749; x_wconf 87' lang='lat' dir='ltr'><strong>Apud</strong></span> <span class='ocrx_word' id='word_1_387' title='bbox 1084 4679 1221 4733; x_wconf 88' lang='lat' dir='ltr'><strong>auctores</strong></span> <span class='ocrx_word' id='word_1_388' title='bbox 1251 4691 1354 4732; x_wconf 87' lang='lat' dir='ltr'><strong>verum</strong></span> <span class='ocrx_word' id='word_1_389' title='bbox 1381 4681 1428 4732; x_wconf 91' lang='lat' dir='ltr'><strong>est</strong></span> <span class='ocrx_word' id='word_1_390' title='bbox 1447 4673 1578 4746; x_wconf 72' lang='lat' dir='ltr'><strong>stermonii</strong></span> 
     </span>
     <span class='ocr_line' id='line_1_42' title="bbox 250 4771 1576 4854; baseline 0.003 -25"><span class='ocrx_word' id='word_1_391' title='bbox 250 4773 429 4832; x_wconf 81' lang='lat' dir='ltr'><strong>vocabulum</strong></span> <span class='ocrx_word' id='word_1_392' title='bbox 450 4777 538 4838; x_wconf 91' lang='lat' dir='ltr'><strong>hodie</strong></span> <span class='ocrx_word' id='word_1_393' title='bbox 559 4793 655 4854; x_wconf 87' lang='lat' dir='ltr'><strong>paene</strong></span> <span class='ocrx_word' id='word_1_394' title='bbox 676 4776 878 4836; x_wconf 86' lang='lat' dir='ltr'><strong>oblitteratum</strong></span> <span class='ocrx_word' id='word_1_395' title='bbox 900 4789 982 4846; x_wconf 87' lang='lat' dir='ltr'><strong>esse;</strong></span> <span class='ocrx_word' id='word_1_396' title='bbox 1008 4783 1089 4834; x_wconf 89' lang='lat' dir='ltr'><strong>certe</strong></span> <span class='ocrx_word' id='word_1_397' title='bbox 1110 4783 1255 4853; x_wconf 88' lang='lat' dir='ltr'><strong>quantum</strong></span> <span class='ocrx_word' id='word_1_398' title='bbox 1277 4771 1348 4846; x_wconf 80' lang='lat' dir='ltr'><strong>vidi,</strong></span> <span class='ocrx_word' id='word_1_399' title='bbox 1370 4773 1468 4831; x_wconf 90' lang='lat' dir='ltr'><strong>locum</strong></span> <span class='ocrx_word' id='word_1_400' title='bbox 1490 4787 1576 4833; x_wconf 68' lang='lat' dir='ltr'><strong>satin</strong></span> 
     </span>
    </p>
   </div>
   <div class='ocr_carea' id='block_1_8' title="bbox 252 5045 1575 5209">
    <p class='ocr_par' dir='ltr' id='par_1_14' title="bbox 252 5045 1575 5209">
     <span class='ocr_line' id='line_1_43' title="bbox 328 5045 1575 5117; baseline -0.002 -17"><span class='ocrx_word' id='word_1_401' title='bbox 328 5045 351 5110; x_wconf 92' lang='lat'><strong>¹)</strong></span> <span class='ocrx_word' id='word_1_402' title='bbox 379 5049 509 5114; x_wconf 85' lang='lat' dir='ltr'><strong>Exempla</strong></span> <span class='ocrx_word' id='word_1_403' title='bbox 527 5051 673 5117; x_wconf 83' lang='lat' dir='ltr'><strong>suppeditat</strong></span> <span class='ocrx_word' id='word_1_404' title='bbox 686 5049 873 5104; x_wconf 63' lang='lat' dir='ltr'><strong>massaritias</strong></span> <span class='ocrx_word' id='word_1_405' title='bbox 892 5049 919 5100; x_wconf 90' lang='lat' dir='ltr'><strong>iu</strong></span> <span class='ocrx_word' id='word_1_406' title='bbox 938 5050 1074 5115; x_wconf 87' lang='lat' dir='ltr'><strong>splendido</strong></span> <span class='ocrx_word' id='word_1_407' title='bbox 1088 5065 1165 5114; x_wconf 87' lang='lat' dir='ltr'><strong>opere</strong></span> <span class='ocrx_word' id='word_1_408' title='bbox 1175 5047 1306 5102; x_wconf 58' lang='lat' dir='ltr'><strong>micui</strong></span> <span class='ocrx_word' id='word_1_409' title='bbox 1316 5045 1429 5099; x_wconf 67' lang='lat' dir='ltr'><strong>chamis</strong></span> <span class='ocrx_word' id='word_1_410' title='bbox 1442 5061 1455 5099; x_wconf 88' lang='lat' dir='ltr'><strong>c</strong></span> <span class='ocrx_word' id='word_1_411' title='bbox 1467 5055 1575 5100; x_wconf 67' lang='lat' dir='ltr'><strong>thusco·</strong></span> 
     </span>
     <span class='ocr_line' id='line_1_44' title="bbox 252 5137 1154 5209; baseline 0.007 -23"><span class='ocrx_word' id='word_1_412' title='bbox 252 5137 329 5191; x_wconf 67' lang='lat' dir='ltr'><strong>lubae</strong></span> <span class='ocrx_word' id='word_1_413' title='bbox 348 5137 418 5192; x_wconf 81' lang='lat' dir='ltr'><strong>della</strong></span> <span class='ocrx_word' id='word_1_414' title='bbox 435 5139 549 5209; x_wconf 75' lang='lat' dir='ltr'><strong>quiteria</strong></span> <span class='ocrx_word' id='word_1_415' title='bbox 567 5140 596 5193; x_wconf 84' lang='lat' dir='ltr'><strong>di</strong></span> <span class='ocrx_word' id='word_1_416' title='bbox 612 5139 719 5195; x_wconf 80' lang='lat' dir='ltr'><strong>Firente</strong></span> <span class='ocrx_word' id='word_1_417' title='bbox 738 5142 895 5202; x_wconf 75' lang='lat' dir='ltr'><strong>(Florentiae</strong></span> <span class='ocrx_word' id='word_1_418' title='bbox 915 5141 997 5203; x_wconf 79' lang='grc'><strong>18118)</strong></span> <span class='ocrx_word' id='word_1_419' title='bbox 1016 5157 1042 5208; x_wconf 88' lang='lat' dir='ltr'><strong>p.</strong></span> <span class='ocrx_word' id='word_1_420' title='bbox 1056 5141 1154 5194; x_wconf 81' lang='lat' dir='ltr'><strong>xc1v.</strong></span> 
     </span>
    </p>
   </div>
   <div class='ocr_carea' id='block_1_9' title="bbox 0 0 1932 5962">
    <p class='ocr_par' dir='ltr' id='par_1_15' title="bbox 0 0 1932 5962">
     <span class='ocr_line' id='line_1_45' title="bbox 0 0 1932 5962; baseline 0 0"><span class='ocrx_word' id='word_1_421' title='bbox 0 0 1932 5962; x_wconf 95' lang='lat' dir='ltr'><strong> </strong></span> 
     </span>
    </p>
   </div>
  </div>
 </body>
</html>
