3812 5960
606 613 902 666 oasaavumouas
920 613 1038 665 aaron.
1058 615 1081 668 1.
1101 615 1141 664 11.
1487 595 1533 666 57

207 788 343 846 medicus
372 793 495 864 propter
520 785 719 844 medicamina
737 784 863 844 Caesari
888 785 1025 845 iacienda
1046 804 1078 844 se
1101 787 1237 845 vinorum
1260 788 1456 848 Falernorum
1478 791 1535 849 cel-

207 887 256 945 lae
282 886 491 963 imperatoriae
518 903 674 944 recensum
700 885 808 944 fecisse
829 885 915 945 lectis
938 887 1033 945 titulis
1054 887 1197 964 primum,
1224 897 1257 947 ut
1276 909 1332 966 par
1353 897 1417 948 erat
1438 889 1537 948 erudi·

208 995 273 1044 tum
294 987 406 1056 lacere,
428 985 548 1055 deinde,
575 996 608 1044 ut
629 987 754 1044 decebat
776 987 872 1044 virum
894 986 1068 1062 prudentem
1091 997 1121 1045 et
1142 998 1270 1060 cautum,
1294 1010 1331 1048 ne
1352 990 1431 1048 tituli
1452 990 1536 1049 salle·

207 1097 287 1157 rent,
316 1089 487 1164 gustatione
508 1087 657 1158 instituta,
683 1086 858 1162 videturque
879 1105 940 1144 non
961 1087 1026 1145 elue
1047 1088 1156 1146 idonea
1177 1105 1269 1147 causa
1294 1101 1396 1149 sancte
1418 1109 1537 1148 asseve-

208 1205 276 1246 rare
297 1187 412 1262 optima
432 1205 569 1264 quaeque
591 1186 787 1262 undecunque
809 1187 847 1244 ad
868 1187 1063 1262 imperatores
1077 1187 1186 1246 afferri.
1222 1189 1322 1248 Huius
1338 1190 1537 1266 expeditionis

209 1287 265 1346 etsi
292 1290 432 1346 comitem
454 1287 567 1347 Ursum
593 1288 687 1346 luisse
712 1286 826 1346 nullum
853 1287 994 1345 indicium
1020 1296 1080 1360 est,
1111 1307 1170 1346 non
1197 1290 1297 1348 minus
1324 1299 1403 1348 recte
1425 1291 1537 1350 amieos

208 1385 312 1446 iubere
333 1389 432 1464 potuit
451 1395 578 1447 statuam
602 1387 658 1446 sibi
679 1387 789 1446 factam
811 1387 907 1445 hilare
928 1387 1078 1446 celebrare
1100 1388 1176 1446 riuis
1199 1409 1264 1448 cum
1286 1407 1394 1466 genere
1415 1391 1537 1468 optimis

211 1495 273 1546 tum
295 1487 479 1564 depromptis
501 1507 541 1548 ex
562 1489 639 1546 cella
660 1506 697 1546 ea
718 1505 795 1564 quae
817 1487 950 1546 omnium
971 1488 1181 1588 laudatissima
1201 1489 1266 1548 luit.

584 1920 586 1924 .
629 1873 669 1932 11.
712 1871 770 1930 DE
792 1869 923 1930 IVNIIS
947 1869 1123 1932 SILANIS.

294 2007 446 2066 Iuniarum
463 2005 633 2068 Silanorum
656 2007 760 2066 domus
782 2025 836 2082 per
857 2005 916 2064 duo
937 2007 1057 2064 saecula
1077 2007 1188 2066 liberae
1208 2007 1389 2084 reipublicae
1404 2017 1538 2070 extrema

212 2107 369 2182 splendida
395 2115 425 2164 et
451 2108 506 2166 sub
532 2107 763 2184 imperatoribus
785 2107 870 2164 Iuliis
893 2125 946 2184 per
966 2107 1144 2165 affinitatem
1166 2127 1232 2166 cum
1255 2109 1323 2185 ipsa
1349 2108 1464 2167 familia
1484 2111 1538 2168 im·

211 2207 361 2284 peratoria
386 2208 474 2266 etiam
502 2207 598 2284 magis
625 2208 780 2266 nobilitata
805 2207 875 2266 licet
900 2214 1101 2266 enarratoreuu
1123 2217 1211 2266 nacta
1231 2209 1270 2267 ait
1292 2226 1438 2268 summum
1462 2210 1538 2270 Bor·

211 2309 347 2384 ghesium
368 2307 399 2366 in
420 2308 632 2367 commentario
655 2307 739 2384 (opp.
761 2307 856 2365 vol.5
880 2325 908 2382 p.
927 2306 1104 2384 161-233)
1126 2308 1238 2383 scripto
1260 2327 1287 2366 a.
1307 2309 1401 2381 1849,
1429 2319 1539 2370 retrac-

213 2409 323 2466 tatione
344 2407 375 2464 id
397 2417 524 2466 stemma
537 2409 584 2466 vel
606 2407 734 2466 maxime
756 2407 878 2483 indiget,
900 2425 966 2465 cum
989 2410 1090 2466 nescio
1112 2427 1173 2484 qua
1192 2409 1247 2467 lati
1268 2409 1383 2467 invidia
1403 2429 1443 2469 ex
1464 2411 1539 2470 locis

212 2517 368 2566 auctorum
396 2509 566 2583 depravatis
593 2508 748 2584 titulisque
774 2507 852 2566 male
877 2507 961 2566 lectis
989 2509 1020 2566 in
1046 2509 1125 2566 hunc
1152 2509 1271 2584 quidem
1294 2512 1539 2570 commentarium

211 2608 331 2684 plurimi
358 2609 588 2686 gravissimique
609 2627 725 2667 errores
747 2626 779 2667 se
800 2608 1018 2667 insinuaverint
1038 2627 1097 2666 non
1120 2627 1223 2668 omnes
1245 2609 1342 2667 adhuc
1363 2609 1540 2687 deprehensi

213 2709 391 2784 sublatique.
430 2709 510 2768 Nam
533 2710 570 2768 de
592 2705 704 2768 Silunis
726 2708 845 2784 quidem
867 2709 919 2784 qui
941 2708 1082 2767 vixerunt
1102 2717 1171 2766 ante
1192 2709 1362 2784 Augustum
1383 2709 1457 2784 quid
1478 2730 1540 2768 non

213 2819 290 2867 recte
305 2809 440 2885 posuerit
453 2809 650 2886 Borgheaius‚
672 2810 747 2867 satis
769 2809 1007 2867 demonstratum
1029 2817 1074 2867 est
1094 2825 1160 2866 cum
1183 2808 1220 2866 ab
1242 2809 1310 2866 aliis
1331 2816 1393 2866 tum
1409 2809 1539 2867 maxime

213 2910 251 2969 ab
273 2909 391 2986 egregio
412 2910 640 2986 inscriptionum
659 2909 895 2968 Lebasiauarum
916 2917 1087 2966 enarratore
1103 2908 1338 2986 Waddingtonio
1361 2909 1399 2966 ad
1421 2909 1538 2966 titulum

213 3011 399 3087 Mylasenum
421 3030 449 3068 n.
462 3009 522 3068 4⁰9
546 3018 575 3068 et
595 3011 655 3068 iam
676 2989 709 3068 in
730 3017 847 3068 summa
866 3028 899 3067 re
920 3008 950 3066 iu
973 3007 1181 3068 adnotationes
1196 3017 1346 3084 receptum
1362 3007 1400 3066 ad
1415 3009 1538 3067 alteram

213 3109 410 3186 Borghesiani
433 3110 637 3169 commentarii
658 3111 819 3168 editionem
841 3109 981 3185 operibus
1002 3109 1066 3167 eius
1085 3109 1227 3168 insertam
1247 3109 1394 3180 adiectaa3
1417 3119 1540 3185 atquae

214 3211 399 3269 emendanda
424 3211 540 3269 sintin
564 3219 650 3288 parte
677 3227 726 3280 ea,
754 3227 831 3285 quae
858 3215 973 3284 spectat
1000 3209 1037 3266 ad
1066 3211 1238 3286 Augustum
1266 3210 1391 3284 eiusque
1420 3227 1540 3269 succes·

214 3328 313 3383 soree,
341 3329 408 3368 curn
434 3329 520 3369 nemo
547 3312 695 3382 docuerit,
717 3311 868 3369 communi
894 3309 1034 3387 opinione
1054 3319 1175 3386 recepta
1196 3309 1322 3368 redeunt
1343 3309 1440 3368 adhuc
1461 3310 1540 3385 apud

215 3430 331 3481 omnes,
359 3411 411 3486 qui
437 3421 573 3486 tempora
596 3431 633 3469 ea
658 3410 884 3469 illustraverunt
905 3419 1081 3468 auctoresve
1103 3429 1206 3468 eorum
1229 3417 1396 3487 temporum
1418 3409 1540 3469 adnota-

214 3519 329 3583 verunt,
350 3519 502 3587 tamquam
525 3511 692 3572 certissima
717 3527 748 3570 et
768 3522 856 3571 extra
877 3530 994 3570 omnem
1015 3511 1228 3569 dubitationem
1251 3511 1359 3586 posita.
1401 3507 1491 3582 Quod
1514 3511 1540 3569 si

214 3611 245 3670 in
266 3611 343 3670 vivis
366 3621 446 3671 esset
466 3612 666 3688 Borghesius,
694 3613 760 3687 ipse
786 3611 896 3670 dudum
922 3613 1012 3670 telam
1034 3611 1229 3682 retexuisset3
1257 3618 1321 3668 erat
1343 3611 1421 3668 enim
1443 3629 1480 3668 ex
1502 3609 1540 3670 iis

215 3713 266 3788 qui
288 3713 357 3770 dum
379 3712 483 3770 vivunt
504 3712 670 3770 addiscunt
707 3711 772 3769 lam
794 3712 832 3770 ad
846 3729 902 3771 nos
918 3713 947 3770 id
962 3719 1086 3787 spectat,
1109 3731 1206 3788 neque
1222 3729 1358 3770 veremur
1373 3709 1541 3769 convellere

215 3829 292 3888 quae
314 3813 426 3890 posuit3
455 3811 526 3870 novi
546 3812 625 3870 enim
647 3829 703 3888 ego
725 3813 821 3870 virum
843 3822 979 3871 sanctum
1001 3821 1030 3871 et
1053 3813 1109 3870 hoc
1130 3813 1192 3870 acio
1214 3812 1313 3887 ipsum
1334 3827 1388 3884 pro
1411 3809 1541 3886 ingenuo

215 3911 287 3982 veri,
309 3931 369 3970 non
388 3913 433 3970 sui
450 3913 549 3972 studio
563 3913 660 3988 magia
675 3913 850 3988 plausurum
865 3913 961 3971 fuisse
976 3913 1024 3984 iis,
1040 3911 1091 3988 qui
1106 3909 1307 3970 monumentis
1322 3917 1429 3985 postea
1442 3928 1541 3984 reper-

141 4021 147 4034 '
217 4012 255 4070 tis
270 4012 365 4070 edocti
379 4032 435 4073 suu
449 4013 648 4084 emendarent,
665 4032 753 4090 quam
769 4014 819 4089 qui
835 4013 1041 4088 compilarant.
1078 4009 1139 4070 Sed
1154 4011 1190 4068 de
1205 4010 1272 4085 ipsa
1286 4028 1319 4066 re
1335 4008 1498 4066 rideamus.
1608 4037 1612 4047 ·

299 4114 378 4172 Tota
404 4114 541 4189 quaestio
568 4115 605 4172 ab
631 4133 667 4172 eo
690 4114 814 4190 pendet,
838 4113 959 4188 quinam
981 4112 1106 4170 maritus
1127 4109 1218 4168 fuerit
1239 4107 1387 4166 Aemiliae
1408 4105 1540 4182 Lepidae

217 4214 368 4290 proneptis
390 4215 520 4292 Augusti
547 4225 618 4273 natu
643 4215 808 4286 maximae,
836 4213 920 4272 cuius
946 4211 1074 4271 maiores
1101 4211 1289 4286 posterique,
1317 4224 1394 4284 quos
1421 4206 1541 4283 quidem

218 4315 304 4372 certis
326 4321 357 4372 et
376 4315 552 4374 indubitatis
573 4325 727 4374 auctorum
749 4315 931 4373 testimoniis
953 4313 1078 4372 traditos
1100 4313 1273 4381 habeamus,
1295 4307 1326 4366 hi
1349 4316 1428 4367 sunt.

815 4435 972 4510 Augustus

572 4599 614 4658 M.
637 4598 775 4675 Agrippa
796 4621 834 4649 υ
856 4515 936 4658 ludia
955 4605 1026 4655 nata
1040 4614 1067 4654 a.
1081 4595 1151 4668 715,
1168 4603 1261 4670 nupta
1275 4612 1302 4651 a.
1316 4592 1376 4651 733

330 4760 365 4820 L.
388 4763 536 4821 Aemilius
558 4762 692 4838 Lepidus
714 4785 752 4812 υ
775 4763 855 4821 Iulia
876 4769 946 4820 nata
967 4779 991 4818 c.
1015 4779 1042 4819 a.
1059 4759 1118 4818 735

272 4863 334 4904 coa.
347 4863 373 4902 a.
384 4863 446 4904 u.c.
457 4843 708 4921 754=p.cur.1
733 4841 738 4988 p

566 5041 696 5058 ......
719 5020 757 5048 υ
779 4997 909 5058 Aemilia
929 4995 1046 5074 Lepida
1068 5005 1140 5054 nata
1162 5014 1187 5054 c.
1203 5015 1230 5054 a.
1248 4996 1305 5054 751

361 5213 402 5272 u.
427 5177 1303 5274 affines

234 5305 325 5355 natus
346 5313 374 5356 a.
392 5295 451 5354 767
469 5321 506 5347 =
523 5316 552 5374 p.
565 5295 636 5357 Chr.
652 5297 691 5354 14
880 5311 1010 5371 sponsus
1032 5289 1177 5352 Octaviae
1199 5289 1319 5352 Claudii
1339 5290 1411 5368 imp.
1433 5289 1521 5348 filiae.
