3826 5962
379 573 452 644 194
966 589 1112 642 sauzuu

1548 689 1701 698 ἡ...

376 763 456 824 Huic
484 762 580 834 enim,
608 763 719 839 quippe
745 779 806 840 quo
827 761 1019 822 Domitianus
1041 760 1138 820 XIIII
1162 768 1192 821 et
1212 758 1250 819 1..
1272 761 1422 820 Minucius
1443 761 1542 821 Rufus
1564 763 1705 822 consules

376 865 520 923 ordinarii
541 864 756 943 processerint,
778 871 847 922 ante
869 863 948 922 diem
969 880 1040 922 vero
1060 860 1155 922 XVII
1176 863 1207 922 k.
1228 863 1325 924 Maias
1347 862 1373 921 1.
1380 904 1508 922 .........
1531 873 1562 922 et
1582 863 1702 924 Plotius

378 964 503 1042 Grypus
524 966 622 1026 fasces
637 965 786 1042 gesserint
807 963 878 1040 (aot.
895 966 967 1023 Arv.
990 985 1018 1024 a.
1034 963 1099 1040 87),
1121 983 1217 1040 neque
1231 965 1464 1041 quadrimestria
1477 983 1533 1024 nec
1547 967 1705 1024 semestris

376 1066 510 1126 nundina
530 1073 602 1144 apta
622 1075 706 1137 suntr
728 1066 892 1126 trimestria
913 1074 1011 1126 antem
1032 1085 1099 1126 cum
1120 1066 1177 1126 bac
1198 1076 1277 1126 certe
1292 1073 1389 1126 aetate
1403 1067 1488 1124 nulla
1501 1066 1619 1139 fuerint,
1641 1087 1703 1126 non

375 1174 490 1242 restent
510 1169 569 1228 nisi
583 1168 739 1228 bimestris
753 1168 827 1228 sola
865 1167 912 1226 De
933 1187 1013 1227 anno
1028 1168 1066 1227 87
1090 1167 1188 1228 minus
1202 1177 1329 1228 constat.
1366 1167 1412 1228 Eo
1426 1186 1507 1226 anno
1521 1185 1588 1228 curn
1602 1168 1703 1229 fasces

376 1269 544 1330 ordinarios
555 1269 749 1330 Domitianus
758 1269 838 1328 XIII
853 1289 919 1338 eum
932 1267 968 1327 L.
977 1268 1104 1328 Volusio
1117 1267 1278 1330 Saturnino
1290 1269 1480 1344 suscepisset,
1495 1270 1573 1328 inter
1584 1270 1648 1330 dies
1655 1270 1702 1328 VI

375 1372 443 1432 idus
455 1371 614 1431 Ianuarias
636 1381 666 1429 et
684 1371 732 1430 XI
746 1371 890 1430 kalendas
905 1369 1086 1430 Februarias
1106 1371 1278 1447 imperatori
1300 1370 1442 1430 suffectus
1458 1381 1506 1430 est
1520 1369 1703 1448 Calpurnius

375 1473 497 1550 quidam
511 1481 667 1552 praeterea
680 1473 815 1550 ignotns;
838 1472 946 1532 deinde
959 1492 986 1530 a.
1003 1473 1032 1530 d.
1047 1473 1144 1531 XIIII
1158 1473 1303 1533 kalendas
1317 1471 1421 1532 Iunias
1441 1471 1476 1532 Ο.
1492 1472 1626 1534 Bellicus
1639 1473 1704 1534 Na-

376 1575 445 1634 talis
460 1575 652 1634 Tebanianus
673 1583 704 1634 et
725 1572 759 1634 0.
783 1574 936 1633 Ducenius
958 1573 1106 1634 Proculus
1127 1575 1266 1634 consules
1287 1574 1488 1646 nominentur,
1509 1593 1612 1634 mense
1628 1573 1703 1652 Sep-

376 1675 483 1735 tembri
502 1675 627 1735 Priscus
649 1673 769 1752 quidam
792 1693 859 1734 cum
881 1675 999 1754 collega
1018 1675 1131 1752 ignoto.
1166 1675 1215 1734 De
1236 1676 1293 1735 hoo
1313 1677 1404 1753 Igitur
1425 1693 1503 1736 anno
1526 1677 1600 1736 nihil
1622 1676 1705 1736 aliud

376 1776 525 1836 affirmare
546 1778 617 1836 licet
638 1777 697 1834 nisi
718 1776 892 1835 consulatus
906 1776 969 1835 eius
985 1785 1146 1835 semestres
1161 1795 1220 1835 non
1236 1777 1339 1836 fuisse.
1376 1779 1413 1837 In
1428 1787 1589 1855 quaternos
1603 1789 1702 1838 autern

376 1897 495 1939 menses
521 1878 697 1956 plerumque
723 1898 742 1936 a
765 1878 941 1937 Domitiano
967 1878 1141 1937 consulatus
1169 1877 1256 1937 datos
1282 1895 1350 1938 esse
1379 1890 1571 1938 monumenta
1596 1881 1704 1939 confir·

376 1989 459 2040 mant
479 1981 517 2038 ad
538 1997 633 2038 annos
652 1978 700 2038 89.
722 1980 771 2040 91.
790 1978 829 2038 99
851 1979 1040 2055 pertinentia.
1084 1967 1175 2038 Anno
1189 1980 1228 2039 89
1251 1979 1396 2039 ordinarii
1417 1981 1555 2040 eonsules
1578 1981 1615 2039 T.
1638 1984 1703 2040 Au-

375 2082 468 2140 relius
489 2080 605 2140 Fulvns
627 2089 657 2140 et
677 2081 835 2140 Atratinus
856 2081 958 2140 nescio
979 2081 1046 2158 quis
1067 2099 1121 2158 per
1142 2098 1261 2140 menses
1285 2081 1474 2154 Ianuarium,
1496 2081 1704 2154 Februarium,

376 2182 530 2252 Martium,
552 2182 688 2258 Aprilem
710 2181 887 2260 magistratu
909 2182 1003 2242 iuncti
1024 2190 1107 2242 sunt:
1134 2183 1166 2240 in
1187 2183 1263 2242 actis
1284 2184 1364 2242 enlm
1386 2183 1542 2242 Arvalium
1565 2203 1618 2261 per
1639 2203 1703 2242 om-

376 2303 430 2344 nes
463 2285 518 2342 hos
546 2300 665 2342 menses
692 2281 822 2342 formula
849 2301 926 2358 quae
954 2291 1001 2342 est
1030 2285 1119 2343 isdem
1144 2283 1304 2343 consulibus
1332 2285 1554 2359 praescribitur.
1608 2285 1645 2343 A.
1672 2284 1702 2342 d.

326 2403 329 2410 ·
375 2385 482 2444 deinde
503 2383 600 2442 XIIII
621 2383 766 2442 kalendas
781 2383 883 2442 Iunias
904 2382 1080 2442 Peducaeus
1096 2381 1263 2444 Saenianus
1285 2403 1350 2441 oum
1374 2385 1500 2462 collega,
1522 2395 1555 2444 ut
1576 2386 1704 2458 videtur,

376 2485 521 2547 Sallustio
547 2485 658 2544 Blaeso
685 2485 841 2544 consulatu
868 2483 1015 2562 Iungitur:
1044 2484 1202 2542 Atratinus
1227 2484 1317 2560 igitur
1343 2494 1373 2542 et
1400 2483 1518 2544 Fulvus
1547 2489 1621 2561 quin
1650 2506 1705 2562 por

375 2596 516 2664 quattuor
537 2603 655 2646 menses
676 2585 775 2645 fasces
797 2585 946 2662 gesserint
965 2584 1095 2644 dubitari
1115 2585 1228 2660 nequit.
1271 2587 1361 2644 Anno
1382 2603 1472 2662 porro
1494 2586 1530 2645 91
1554 2605 1620 2668 non
1648 2589 1704 2647 mi-

375 2707 433 2750 nus
453 2696 594 2764 quattuor
614 2704 733 2746 menses
754 2686 795 2745 M.
817 2685 942 2764 Ulpium
963 2686 1128 2746 Traianum
1154 2694 1184 2746 et
1205 2686 1255 2744 M?
1278 2685 1408 2746 Acilium
1432 2685 1626 2747 Glabrionem
1648 2689 1704 2748 ho·

376 2808 448 2848 nore
471 2807 540 2848 usos
562 2807 629 2850 esse
651 2788 719 2848 inde
740 2787 900 2864 colligitur,
922 2788 1003 2864 quod
1025 2788 1100 2848 actis
1122 2788 1280 2847 Arvalium
1302 2788 1373 2847 anni
1387 2787 1427 2846 90
1450 2789 1634 2865 adscriptum
1655 2800 1704 2848 est

376 2891 500 2950 Traiani
522 2909 632 2950 nomen
652 2890 776 2966 diesque
796 2889 843 2948 111
864 2888 1010 2950 kalendas
1031 2891 1137 2949 Maias.
1180 2889 1320 2965 Denique
1342 2891 1412 2948 anni
1427 2887 1466 2948 92
1489 2890 1700 2949 documentum

376 3001 513 3070 superest
535 2991 573 3050 ad
594 2991 798 3067 quaestionem
821 2989 858 3048 de
880 2991 1089 3050 consulatuum
1112 2991 1168 3051 sub
1190 2989 1366 3050 Domitiano
1386 2997 1521 3067 ternpore
1541 2990 1702 3052 diiudican-

375 3093 443 3152 dum
469 3093 556 3172 longe
582 3093 810 3172 gravissimum,
836 3092 983 3151 fastorum
1006 3092 1072 3150 dico
1094 3092 1279 3152 Ostiensinm
1302 3092 1463 3151 frustulum
1488 3091 1556 3166 (Or.
1577 3091 1701 3152 Henzen

376 3193 481 3268 6446),
504 3194 666 3252 secundum
687 3210 764 3269 quos
786 3193 924 3252 kalendis
939 3193 1089 3252 Ianuariis
1103 3193 1234 3252 inierunt
1246 3193 1441 3252 Domitianus
1456 3192 1532 3252 XVI
1547 3201 1577 3252 et
1592 3192 1628 3267 Q.
1641 3194 1701 3252 Vo-

356 3294 470 3358 .lusius
497 3291 690 3366 Saturninus,
716 3311 841 3369 quorum
869 3293 917 3352 ille
944 3294 1042 3353 idibus
1067 3294 1215 3353 Ianuariis
1240 3292 1275 3351 L.
1291 3293 1472 3352 Venuleium
1492 3295 1702 3371 Apronianum

375 3395 434 3455 sibi
456 3394 637 3472 surrogavitr
661 3395 755 3454 secuti
777 3403 848 3454 aunt
867 3394 1005 3453 kalendis
1028 3394 1117 3453 Maiis
1139 3393 1175 3452 L.
1191 3392 1350 3454 Stertinius
1366 3395 1474 3454 Avitus
1495 3403 1525 3453 et
1539 3395 1587 3453 Ti.
1604 3395 1701 3456 Iulius

374 3498 452 3556 Polo
479 3498 610 3555 Met'inus
638 3496 689 3570 (cl.
719 3495 779 3580 tab.
806 3495 876 3553 hon.
906 3497 988 3554 miss.
1019 3495 1078 3554 vol.
1098 3494 1162 3566 III,
1181 3492 1278 3570 XV),
1306 3495 1446 3554 kalendis
1474 3493 1700 3572 Septembribus

375 3597 410 3656 Ο.
434 3597 530 3655 Iulius
552 3593 673 3656 Silanus
701 3593 790 3668 etQ.
813 3596 995 3655 Articuleius
1018 3595 1139 3655 Paetus.
1184 3593 1246 3656 Sub
1274 3596 1400 3674 imperio
1421 3597 1513 3673 igitur
1534 3597 1700 3656 Domitiani

373 3698 546 3757 consulatus
574 3695 747 3774 plerumque
776 3696 897 3772 quidem
925 3697 1160 3774 quadrimestres
1189 3697 1325 3768 fuerunt,
1356 3697 1503 3757 interdurn
1532 3699 1701 3771 bimestres,

374 3801 412 3859 de
432 3800 530 3874 iisque
552 3797 679 3875 optime,
706 3807 743 3856 ut
761 3798 892 3870 solebat,
917 3797 1276 3876 iudIcavitRBorghesius.
1319 3797 1385 3858 Nec
1405 3799 1503 3859 minus
1523 3809 1603 3859 recta
1624 3798 1700 3858 Ner-

374 3921 429 3961 vae
441 3900 626 3977 Traianique
647 3908 745 3960 aetate
766 3899 890 3958 eandem
912 3899 973 3958 fere
995 3899 1141 3959 rationem
1162 3901 1351 3960 observatam
1373 3917 1439 3960 esse
1462 3900 1576 3973 statuit,
1598 3919 1701 3978 quarn·

373 4022 464 4080 qnam
485 4003 618 4080 regulam
641 4001 725 4060 illam
746 4018 958 4076 nonnunquam
980 4000 1144 4076 neglectam
1167 4019 1235 4060 esse
1257 4018 1330 4060 mox
1351 4000 1528 4060 videbimus.

456 4105 505 4163 De
525 4104 573 4176 iis,
595 4102 646 4179 qui
668 4103 723 4162 sub
745 4101 848 4160 Nerva
869 4109 899 4160 et
920 4101 1053 4160 Traiano
1075 4102 1262 4161 consulatum
1284 4111 1449 4179 gesserunt,
1475 4109 1546 4177 post
1565 4101 1701 4181 Borghe-

374 4207 451 4266 sium
480 4205 529 4280 (in
550 4205 637 4264 fastis
659 4202 794 4279 ineditis)
820 4221 916 4279 nuper
937 4202 1142 4262 Mommsenus
1167 4203 1197 4260 in
1219 4201 1351 4262 Hermae
1372 4203 1431 4262 vol.
1440 4203 1495 4266 ΙΙΙΙ
1517 4223 1546 4280 p.
1565 4203 1623 4263 136
1634 4221 1699 4278 seq.

372 4308 417 4365 ita
437 4306 508 4381 egit,
529 4315 561 4364 ut
581 4323 677 4381 pauca
698 4313 812 4363 tantum
836 4303 1011 4380 corrigenda
1032 4305 1093 4362 sint
1114 4305 1313 4363 monumentis
1336 4323 1431 4382 nuper
1452 4304 1578 4364 detectis
1594 4313 1701 4380 postea

372 4406 532 4464 illustrata.
574 4405 618 4464 Ut
643 4404 819 4464 consulatus
848 4407 925 4464 alter
947 4403 1018 4466 Sex.
1044 4405 1116 4463 Iulii
1138 4405 1275 4464 Frontini
1301 4423 1341 4465 ex
1369 4423 1447 4463 anno
1462 4405 1500 4465 97
1524 4406 1564 4464 ad
1589 4425 1699 4466 annum

373 4505 594 4564 transferendus
616 4513 663 4564 ost
684 4505 738 4577 98,
760 4524 820 4582 quo
842 4505 987 4566 suffectus
1008 4503 1129 4566 Nervae
1149 4506 1289 4566 defuncto
1311 4525 1372 4565 una
1392 4526 1459 4565 curn
1481 4505 1613 4566 Traiano
1634 4509 1700 4566 Au·

373 4613 462 4683 gusto
483 4603 580 4664 fasces
601 4607 698 4682 gessit
717 4605 768 4681 (of.
791 4607 874 4666 Ball.
894 4607 961 4668 dell’
974 4611 1040 4668 inst.
1059 4608 1138 4668 oreb.
1157 4607 1231 4668 1871
1257 4627 1286 4685 p.
1305 4608 1378 4678 1453
1400 4607 1459 4666 vol.
1475 4607 1523 4666 ΙΙΙ
1545 4609 1605 4666 tab.
1628 4609 1698 4668 hon.

373 4707 458 4765 miss.
480 4725 508 4764 n.
524 4705 628 4782 XIX),
650 4707 778 4784 expulso
800 4727 839 4768 ex
860 4727 896 4768 eo
917 4710 985 4768 loeo
1008 4707 1115 4768 Flavio
1135 4709 1261 4782 Libone,
1283 4727 1372 4786 quern
1392 4708 1473 4768 inira
1491 4727 1521 4786 p.
1539 4708 1598 4768 196
1620 4729 1649 4767 n.
1668 4709 1699 4784 1)

373 4807 541 4868 videbimus
568 4807 607 4866 ad
629 4808 721 4867 alium
743 4827 853 4868 annum
875 4811 1031 4886 pertiuere.
1075 4811 1151 4870 Item
1181 4828 1259 4868 anno
1277 4810 1333 4868 101
1362 4828 1423 4869 una
1447 4827 1514 4869 cnm
1534 4809 1700 4869 Articuleio

373 4907 468 4968 Paeto
490 4909 679 4970 consulatum
700 4909 925 4972 admIniatrasse
943 4909 1014 4972 Sex.
1030 4911 1145 4970 Attium
1161 4909 1350 4974 Suburanam
1371 4919 1441 4971 aeta
1453 4911 1612 4970 Arvalium
1632 4910 1700 4970 eins

373 5009 444 5068 anni
469 5010 639 5070 ostendunt.
688 5012 778 5070 Anno
805 5017 904 5070 autern
929 5011 985 5070 107
1013 5011 1118 5071 tabula
1143 5014 1287 5072 honestae
1314 5011 1468 5071 missionis
1487 5011 1700 5072 Weissenbor-

371 5110 475 5186 gensis
496 5113 637 5172 consules
658 5110 693 5172 (l.
714 5111 870 5170 Minicium
891 5112 1069 5172 Fundanum
1091 5121 1121 5174 et
1143 5112 1384 5174 ovetensium
1406 5112 1516 5173 Rufum
1538 5112 1701 5172 vindicavit

373 5209 425 5284 (oi.
447 5211 508 5282 III,
526 5213 645 5284 XXIV3
672 5212 774 5274 Christ
796 5211 982 5292 Militdrdipl.
1006 5235 1060 5274 von
1080 5215 1276 5294 Weissertdurp
1294 5213 1403 5289 1868),
1425 5215 1476 5292 qui
1497 5223 1596 5276 utrum
1618 5231 1698 5274 anno
