3750 5990
416 546 490 618 274
987 561 1167 616 uouusna

414 757 445 816 p.
468 737 539 811 649,
571 729 607 815 ἒξ
634 729 724 804 cedria
756 731 939 808 (Trallibus)
972 731 1040 789 eirea
1067 733 1090 790 oi
1115 723 1303 814 πρωτεύοντες
1327 727 1403 790 κατὰ
1429 727 1479 803 τὴν
1506 725 1669 816 ἓιταρχῖαν,
1697 721 1738 794 ede

413 829 584 920 Ἀσιιέρχας
601 836 753 892 καλοῦσιν·
775 821 812 892 aiu
826 825 1002 917 Πνθὸδωρός
1018 855 1049 891 τι
1070 821 1101 902 ἦν
1123 829 1190 918 ἀνὴρ
1212 829 1344 894 eruedc
1364 827 1394 890 ad
1416 827 1453 914 ἐξ
1473 828 1586 916 ἀρχῆς,
1607 831 1695 891 taeter
1713 820 1738 888 di

413 929 630 1010 μεταβιβηκώς
650 928 698 994 deci
718 929 768 1004 τὴν
789 925 954 1010 ἐπιφάνειαν
974 923 1023 992 ani
1045 933 1073 992 ἐν
1092 935 1128 1012 τῆ
1148 928 1216 1018 npdc
1237 927 1379 1006 litantium
1399 926 1483 1010 pediu
1505 926 1671 1017 διαπρέπιιν
1688 925 1738 1002 μετ’

414 1031 528 1116 ὅλῖγιιν.
564 1027 773 1120 περιεβέβλητο
795 1023 826 1092 di
845 1026 894 1094 nui
916 1026 1013 1094 adriae
1033 1023 1190 1106 βασιὶιιιῆν
1213 1025 1348 1094 πλειὸνινν
1372 1027 1390 1106 ἢ
1411 1027 1567 1113 διπχιλῖνιν
1591 1026 1739 1099 ταλάντων,

413 1130 447 1212 ἣν
472 1135 528 1197 dard
551 1132 695 1220 Καίσαρος
719 1138 772 1195 τοῦ
791 1133 869 1195 Secti
893 1133 1058 1220 erpuSeirov
1085 1130 1133 1194 ini
1154 1131 1204 1208 τὴν
1224 1132 1293 1220 rrpdc
1314 1127 1454 1208 Πιμπῆιον
1477 1129 1580 1212 ‹pellat›
1603 1124 1737 1217 ἐξωνησᾶ·

413 1261 496 1314 purte
520 1235 582 1318 οὐχ
607 1231 679 1311 ἥττω
701 1241 759 1300 τοῖς
780 1227 1026 1296 nutrientibus·
1051 1228 1151 1296 τούτου
1174 1232 1201 1294 δ’
1220 1227 1279 1294 teri
1301 1229 1439 1321 θυγάτηρ
1463 1227 1644 1319 Πνθοδωρῖς
1663 1231 1679 1305 ἦ
1698 1235 1738 1292 νῦν

413 1333 617 1408 βασιλεύουσα
638 1338 666 1398 ἔν
687 1341 729 1416 τῷ
749 1335 853 1414 Πόντῳ.
896 1337 976 1400 Sane
1002 1357 1182 1416 quamquam
1210 1339 1357 1398 eiusmodi
1383 1339 1609 1398 matrimonium
1635 1358 1655 1396 a
1676 1355 1737 1395 eon·

414 1443 571 1506 suetudine
592 1442 737 1502 nobilium
758 1440 963 1500 Romanorum
985 1441 1134 1512 abherret,
1156 1440 1194 1499 ab
1215 1442 1347 1499 Antonio
1368 1440 1448 1518 apud
1465 1439 1605 1500 Graecos
1621 1437 1737 1499 Graecis

415 1545 548 1604 moribus
571 1553 601 1604 et
622 1543 779 1620 imperium
800 1541 1029 1600 administrante
1050 1551 1080 1600 et
1108 1542 1226 1600 domum
1253 1541 1375 1601 minime
1402 1541 1535 1601 alienum
1562 1551 1624 1613 est,
1650 1557 1736 1616 aeque

417 1645 614 1723 improbabile
637 1642 829 1720 Cleopatram
851 1661 911 1702 non
932 1642 1056 1701 invitam
1078 1641 1191 1701 homini
1211 1643 1431 1718 gratiosissimo
1453 1653 1483 1702 et
1504 1643 1672 1712 ditissimo,
1691 1639 1735 1699 sed

413 1747 571 1826 peregrino
592 1745 762 1823 privignam
782 1744 914 1822 legitime
935 1753 1036 1802 natam
1057 1743 1222 1804 ducendam
1244 1729 1378 1804 dedisses

496 1846 670 1907 Polemonis
696 1853 943 1922 posterorumque
971 1846 1035 1904 eius
1063 1862 1113 1904 res
1145 1846 1189 1904 ita
1217 1845 1279 1904 iere
1305 1845 1442 1904 videntur
1472 1863 1566 1922 pesse
1594 1843 1733 1906 constitui.

413 1949 453 2008 11.
475 1950 627 2008 Antonius
653 1967 714 2024 quo
742 1956 875 2024 tempore
900 1965 948 2006 res
972 1947 1065 2004 Asiae
1091 1946 1249 2016 ordinavit,
1277 1955 1387 2019 motus,
1415 1953 1450 2005 ut
1476 1947 1609 2019 videtur,
1636 1948 1733 2006 virtute

413 2051 544 2108 Zenonis
571 2049 701 2107 rhetoris
721 2048 900 2118 Laodiceni,
926 2066 988 2124 qua
1013 2066 1032 2104 a
1052 2048 1150 2125 patria
1176 2048 1249 2105 urbe
1277 2065 1305 2106 a.
1330 2047 1390 2106 714
1412 2047 1541 2106 Parthos
1571 2047 1733 2126 reppulerat

413 2147 528 2226 (Strab.
551 2149 598 2220 14,
615 2146 643 2219 2,
667 2147 705 2206 25
728 2169 758 2224 p.
774 2149 859 2226 660),
882 2169 909 2207 a.
931 2148 990 2208 715
1013 2147 1075 2206 filio
1097 2148 1162 2206 eius
1184 2147 1344 2208 Polemoni
1364 2149 1429 2226 regi
1450 2149 1607 2226 appellato
1628 2155 1732 2227 partem
1828 2175 1830 2188 =

413 2249 538 2312 Ciliciae
559 2247 671 2320 tribuit,
694 2247 809 2306 scilicet
822 2248 1007 2326 Lycaoniam
1029 2268 1096 2309 cum
1118 2249 1191 2308 urbe
1212 2249 1362 2325 Iconio.¹)
1395 2249 1513 2310 Deinde
1534 2269 1564 2309 a.
1583 2249 1643 2309 718
1663 2249 1731 2308 idem

412 2363 565 2428 nmquam
590 2368 645 2408 rex
665 2347 759 2408 Ponti
784 2349 917 2409 interfuit
941 2351 1021 2410 bello
1048 2351 1172 2408 Antonii
1195 2349 1391 2426 Parthico²);
1416 2353 1497 2427 quod
1525 2371 1654 2432 regnum
1673 2368 1731 2409 cam

412 2473 440 2516 ι.
456 2453 517 2513 715
531 2451 682 2510 Antonius
703 2449 889 2510 attribuisset
902 2449 997 2508 Dario
1012 2451 1177 2510 Pharnacis
1196 2451 1269 2524 lilio,
1291 2451 1330 2510 ad
1344 2452 1540 2512 Polemonem
1562 2453 1731 2514 translatum

411 2571 481 2618 esse
502 2553 620 2614 videtur
639 2561 763 2630 propter
784 2569 833 2612 res
855 2551 892 2610 ab
916 2551 984 2627 ipso
1008 2551 1125 2611 sortiter
1143 2559 1245 2631 gestas
1267 2552 1392 2612 dacibus
1410 2552 1553 2614 Ventidio
1578 2565 1609 2616 et
1627 2554 1729 2616 Soneio.

412 2653 559 2720 Similiter
582 2662 705 2732 propter
731 2653 875 2712 auxilium
902 2653 959 2729 ipsi
983 2653 1116 2712 Antonio
1141 2654 1172 2711 in
1201 2653 1280 2712 bello
1305 2653 1356 2712 illo
1378 2656 1555 2732 praestitum
1579 2671 1728 2734 pacemque

411 2777 480 2818 cum
502 2756 600 2816 Medis
621 2755 808 2814 conciliatam
830 2773 857 2813 a.
874 2753 930 2812 721
956 2754 1129 2812 Armeniam
1151 2754 1295 2814 minorem
1310 2755 1471 2832 accepitl)
1507 2755 1624 2834 Copiae
1645 2758 1680 2815 ab
1698 2773 1728 2812 co

411 2859 522 2918 missae
548 2857 587 2916 ad
608 2857 726 2916 Actium
753 2873 873 2933 qnoque
895 2854 1146 2930 pugnaverunt.⁴)
1188 2855 1319 2915 Devicto
1344 2859 1477 2917 Antonio
1499 2858 1591 2918 Ponti
1616 2875 1727 2937 regnum

411 2977 480 3020 eum
500 2957 595 3017 nihilo
621 2959 720 3018 minus
745 2955 904 3015 retinuisse
929 2955 998 3014 inde
1024 2955 1187 3033 colligitur,
1216 2956 1297 3033 quod
1322 2959 1446 3018 annales
1467 2960 1604 3019 scribunt
1629 2979 1655 3018 a.
1677 2955 1726 3015 728

410 3061 603 3120 Polemonem
618 3057 709 3118 Ponti
723 3075 824 3136 regem
838 3057 917 3116 inter
928 3055 1027 3116 socios
1047 3063 1077 3114 et
1092 3058 1206 3116 amicos
1221 3058 1326 3136 populi
1341 3059 1471 3118 Romani
1484 3061 1614 3120 relatum
1629 3057 1726 3133 esse-⁵)

410 3161 524 3220 Postea
548 3176 576 3216 a.
599 3159 659 3215 740
685 3159 772 3216 insen
793 3157 947 3234 Agrippae
973 3176 1040 3216 cum
1066 3157 1261 3234 Bosporanus
1287 3159 1378 3218 armis
1407 3161 1588 3237 domuisset,
1615 3157 1727 3241 praemii

411 3259 478 3318 loco
500 3257 589 3315 ducta
607 3255 772 3314 Pharnacis
794 3255 857 3312 lilia
875 3257 1008 3334 Dynami
1030 3277 1085 3316 rex
1106 3277 1208 3318 eorum
1230 3262 1410 3320 constitutus
1431 3271 1477 3320 est
1498 3265 1536 3323 ab
1550 3258 1724 3342 Augusto⁶)·

411 3357 516 3420 Uxore
543 3355 644 3434 paullo
669 3363 740 3432 post
764 3355 905 3416 defuncta
930 3357 1076 3417 secundas
1109 3360 1231 3436 nuptias
1259 3363 1410 3422 contraxit
1439 3382 1506 3422 cum
1531 3361 1726 3443 Pythodoride

410 3459 537 3520 Antonii
559 3457 708 3516 triumviri
733 3476 773 3517 ex
798 3457 862 3516 lilia
886 3465 974 3532 nepte
1000 3477 1026 3518 c.
1049 3477 1076 3517 a.
1106 3458 1165 3518 742
1190 3462 1247 3533 ita,
1273 3469 1306 3520 ut
1331 3481 1409 3522 uxor
1434 3483 1501 3523 cam
1528 3483 1564 3525 eo
1593 3475 1623 3528 et
1648 3461 1725 3524 simul

411 3569 441 3621 et
461 3559 536 3620 adeo
557 3557 656 3634 priore
678 3557 745 3616 loco
766 3557 798 3614 in
817 3555 916 3616 Ponto
937 3570 1085 3636 regnaret,
1105 3561 1177 3621 item
1198 3561 1264 3622 eine
1285 3563 1375 3622 dubio
1396 3563 1499 3626 liberie
1519 3585 1559 3627 ex
1581 3588 1619 3629 eo
1638 3563 1724 3626 metri·
1827 3623 1828 3630 ,

410 3775 614 3790 ---

486 3899 510 3962 ¹)
529 3898 644 3964 Appian.
664 3897 690 3948 b.
710 3914 732 3949 c.
752 3899 778 3961 5,
800 3897 847 3949 75ι
873 3889 931 3960 ἵστη
961 3893 987 3948 di
1011 3915 1044 3962 πη
1069 3897 1109 3950 acl
1129 3896 1256 3964 βισιλίνς
1280 3891 1321 3960 οὓς
1345 3893 1501 3974 tappetem
1525 3901 1564 3956 tel
1582 3895 1668 3976 φὸριις
1683 3892 1723 3972 dfe

409 3985 573 4062 τιτιγμίνοις.
611 3977 712 4040 lle'arcu
736 3985 779 4056 ple
798 3988 910 4057 Aapeiev
928 3979 971 4040 τὸν
995 3980 1138 4059 depredatae
1160 3988 1204 4042 rei
1227 3981 1397 4062 Μιθραδᾶτιν
1411 4027 1510 4046 .....
1534 3994 1575 4046 ael
1594 3993 1724 4064 Hailporc

410 4083 498 4154 μίριυς
515 4074 642 4138 Κιλικίας.
676 4081 761 4136 Strab.
783 4081 826 4142 12,
847 4079 873 4142 6,
894 4083 908 4131 1
929 4097 954 4146 p.
970 4081 1036 4134 568:
1054 4069 1155 4133 ’tritten
1169 4117 1176 4132 .
1192 4117 1199 4132 .
1215 4117 1223 4132 .
1241 4081 1314 4135 reiro
1334 4077 1356 4134 δ’
1374 4078 1433 4157 ιῖχι
1451 4083 1585 4155 natitent,
1605 4091 1649 4140 nbi
1666 4093 1724 4139 reete

408 4173 555 4228 observavit
577 4171 691 4226 salletas
713 4187 738 4237 p.
759 4171 794 4222 57
818 4169 898 4222 alium
922 4171 1090 4224 Polemonem
1112 4175 1227 4240 intellegi
1250 4191 1304 4227 non
1326 4191 1402 4242 posse
1425 4193 1501 4245 quem
1519 4181 1633 4232 Zenonis
1651 4179 1723 4231 fllium

408 4267 549 4320 identidem
567 4265 596 4314 in
615 4263 707 4314 eodem
726 4261 793 4312 libre
811 4275 828 4312 a
846 4262 975 4316 Strabone
993 4273 1172 4316 memoratum.
1208 4267 1328 4318 Eandem
1347 4281 1434 4333 mgem
1453 4271 1609 4334 appellatum
1628 4285 1679 4322 esee
1695 4268 1722 4318 ι1

409 4357 526 4410 Antonio
550 4354 674 4419 primum,
699 4351 794 4403 deinde
821 4353 854 4402 ab
873 4355 991 4420 Augusto
1015 4356 1085 4406 idem
1109 4357 1199 4408 scribit
1218 4358 1262 4420 12,
1283 4359 1309 4421 8,
1330 4359 1363 4410 16
1380 4375 1406 4424 p.
1427 4361 1489 4412 573.
1526 4363 1623 4414 Errant
1639 4368 1721 4418 anum,

408 4449 431 4498 si
449 4446 511 4512 qnid
529 4444 615 4504 rideo,
635 4441 678 4506 qui
698 4441 748 4492 hoc
765 4443 913 4506 Lycaoniae
931 4461 1038 4511 regnam
1056 4447 1206 4499 Polemonis
1225 4463 1283 4500 cam
1302 4449 1421 4514 dynastia
1440 4450 1547 4504 Olbeuri
1565 4453 1720 4509 conanime

408 4549 485 4602 qaam
504 4539 569 4583 testo
586 4532 714 4585 Strabone
732 4532 795 4582 satia
814 4541 914 4583 constat
931 4551 963 4587 ea
980 4545 1063 4588 aetate
1082 4539 1116 4590 ad
1133 4541 1279 4592 Zenonidea
1297 4555 1351 4596 noa
1368 4545 1530 4608 spectavisse.

483 4621 509 4686 1)
528 4623 583 4674 Dio
601 4622 645 4684 49,
666 4621 710 4673 25.
751 4624 881 4676 Plutarch.
901 4629 965 4678 Ant.
984 4629 1028 4680 38.

483 4712 509 4778 ⁸)
527 4713 581 4766 Dio
599 4713 645 4775 49,
666 4712 709 4763 33.
736 4716 781 4767 44.

481 4807 507 4871 ⁴)
525 4803 657 4860 Plutarch.
676 4804 740 4856 Ant.
760 4805 804 4858 et.

483 4899 507 4963 ι)
527 4899 581 4950 Dio
601 4897 646 4958 53,
666 4896 709 4947 21.

483 4985 1717 5066 ummmmwmmmumwmmnmmwm·

406 5077 544 5144 βισιλιίις
567 5068 665 5146 detribu
685 5064 728 5127 tud
746 5068 792 5136 adt
815 5073 987 5148 ἀνδραγαθίας
1004 5073 1051 5131 ὐπ’
1074 5077 1205 5134 ’Annine
1224 5083 1267 5154 piu
1284 5075 1411 5157 ιιρὸτιριν,
1430 5077 1477 5140 iel
1494 5083 1624 5156 Κιίνιιρις
1641 5083 1667 5138 ii
1683 5078 1720 5132 toi

405 5167 541 5234 Σεβαστοῦ
559 5157 621 5240 perd
638 5166 723 5220 ταῦτα.
