3750 5990
451 531 526 606 294
1021 542 1203 595 uouusnn

452 721 589 782 ordinato
609 717 704 793 eoeipl
724 731 816 790 posse
837 729 924 790 nego,
945 729 1081 788 quseque
1101 711 1142 769 ibi
1164 711 1292 790 legimus
1313 727 1493 786 quemquem
1514 710 1612 786 primo
1633 711 1788 789 adspectu
1844 706 1845 778 l

452 819 615 890 offendunt,
636 817 726 876 rebus
748 823 886 875 eoonrste
907 813 1050 889 expensis
1071 819 1150 870 reete
1163 813 1252 888 plene
1273 829 1307 870 se
1322 811 1440 870 hubent.
1476 809 1556 870 Nom
1576 813 1662 888 qnod
1684 814 1788 873 sdhuo

451 919 630 982 prodidimus
655 925 743 977 sexto
771 913 891 974 sseonlo
916 913 1016 974 nullos
1044 913 1179 971 civitates
1203 910 1336 972 Greeoss
1357 911 1501 971 Romanis
1522 913 1711 988 stipendium
1735 933 1787 990 pe
1845 958 1846 1020 p

398 1019 408 1036 ‘
451 1021 602 1101 pendisse,
627 1017 659 1076 id
684 1023 798 1076 tentum
825 1016 920 1086 obest,
946 1023 979 1072 ut
1006 1013 1127 1089 probnri
1152 1012 1259 1097 possit,
1280 1018 1314 1070 ut
1333 1011 1462 1070 lortesee
1481 1012 1571 1072 etiem
1592 1016 1786 1074 mntrsrinm

451 1124 549 1204 possit
574 1118 779 1179 demonstrari.
822 1113 901 1174 Num
934 1115 965 1172 in
991 1112 1125 1172 Isthmiis
1154 1113 1217 1170 illis
1245 1111 1434 1172 Flemininns
1464 1112 1627 1189 plerosque
1658 1115 1783 1190 quidem

451 1222 600 1285 Grseoiee
619 1217 746 1297 populos
767 1217 878 1275 liberos
899 1225 930 1274 et
950 1215 1096 1274 immunes
1117 1214 1182 1272 sois
1201 1213 1317 1289 legibus
1338 1229 1448 1272 usuros
1469 1229 1536 1272 esse
1556 1215 1783 1288 pronuntiarim
1846 1223 1847 1226 ’

451 1333 483 1384 et
502 1341 574 1382 unm
588 1321 646 1380 hoo
666 1319 755 1378 etism
769 1317 808 1376 od
821 1315 953 1374 Boeotos
968 1315 1145 1390 pervenerit,
1166 1313 1327 1372 admodum
1342 1313 1464 1372 dubium
1484 1321 1540 1372 est.
1574 1311 1657 1372 Nom
1675 1316 1783 1390 paullo

449 1431 519 1485 onte
539 1441 609 1483 oum
628 1419 720 1480 iidem
740 1435 796 1478 neo
815 1434 872 1493 pro
893 1416 1062 1492 quingentis
1083 1413 1225 1472 militibus
1247 1412 1390 1472 Romems
1411 1414 1443 1471 in
1464 1412 1591 1472 Boeotio
1610 1415 1782 1474 interfectis

448 1524 621 1602 impositum
648 1520 708 1579 sibi
732 1517 856 1578 multum
877 1516 1105 1594 quingentorum
1133 1515 1312 1574 talentorum
1333 1513 1484 1574 solverent
1507 1531 1563 1572 neo
1583 1516 1697 1573 noxios
1719 1526 1781 1574 trs·

449 1625 563 1695 dorent,
584 1623 651 1698 ipse
672 1637 724 1680 eos
744 1619 824 1678 bello
845 1633 1007 1696 aggressus
1028 1624 1074 1674 est
1092 1616 1276 1692 vastansque
1296 1615 1378 1691 egris
1399 1623 1429 1672 et
1443 1612 1583 1674 Coronen
1602 1627 1781 1694 oppugnet·

449 1743 518 1785 oum
535 1720 654 1782 tondem
675 1721 703 1779 ei
724 1735 758 1778 se
776 1717 993 1794 permisissent,
1015 1719 1102 1774 iussis
1123 1715 1237 1773 tradere
1257 1719 1358 1774 norton
1379 1724 1406 1774 et
1425 1716 1530 1776 multoe
1549 1719 1661 1774 nornine
1677 1716 1783 1776 XXX

448 1827 574 1901 oonserre
593 1823 701 1881 talento
717 1835 780 1897 pos
801 1821 873 1877 doto
893 1827 919 1876 et
941 1818 977 1876 ab
994 1819 1203 1893 oppugnatione
1223 1831 1362 1874 reossrurn
1376 1814 1457 1889 (Liv.
1472 1815 1523 1888 33,
1538 1814 1606 1890 29).
1636 1816 1780 1894 Triginta

448 1923 560 1985 telento
579 1931 650 2000 post
668 1921 780 1980 bellum
801 1925 909 1977 exerte
928 1935 995 1978 esse
1008 1917 1119 1976 multoe
1139 1915 1257 1974 nomine
1277 1913 1331 1973 vix
1352 1915 1557 1991 credipotest,
1579 1934 1647 1975 enm
1670 1919 1778 1978 eodem

446 2023 568 2084 nomine
588 2029 657 2082 ente
670 2021 783 2080 bellom
797 2019 961 2097 quingente
973 2017 1214 2093 postularentnr3
1235 2016 1328 2074 immo
1344 2013 1486 2074 tributum
1502 2034 1634 2074 snnnnm
1647 2017 1707 2077 hoo
1719 2018 1778 2078 fnit

446 2122 569 2182 Boeotis
589 2139 626 2179 eo
644 2128 778 2197 tempore
798 2120 970 2198 impositum
990 2117 1023 2174 id
1042 2116 1153 2192 ipsum,
1175 2113 1260 2175 ouius
1281 2115 1415 2176 meminit
1436 2115 1777 2194 senatusconsultum),

446 2222 623 2296 videturque
654 2219 704 2277 hio
736 2235 855 2296 quoque
884 2215 991 2276 Livius
1024 2216 1194 2294 Polybiane
1223 2217 1301 2274 mele
1330 2216 1511 2292 corrupisse.
1563 2214 1653 2289 Quod
1679 2217 1706 2277 si
1737 2219 1776 2277 sb

447 2343 474 2382 n.
495 2321 566 2380 inde
587 2319 648 2379 558
674 2319 706 2376 in
731 2319 875 2376 universo
895 2315 1024 2376 Graecia
1044 2316 1151 2376 Boeoti
1177 2315 1235 2373 soli
1256 2323 1310 2374 out
1329 2315 1393 2374 iere
1414 2317 1473 2374 soli
1494 2315 1638 2376 Romanis
1660 2319 1774 2395 stipen-

445 2421 534 2482 disrii
555 2429 653 2494 erent,
679 2419 739 2478 iem
764 2423 860 2494 petet,
886 2433 940 2475 our
964 2417 1143 2492 quicumque
1167 2415 1271 2474 hostes
1292 2414 1438 2476 Romanis
1464 2415 1642 2490 existerent,
1671 2419 1774 2477 soeios

444 2523 579 2584 Boeotos
608 2539 642 2581 se
672 2518 827 2578 habituros
857 2533 925 2578 esse
953 2515 1135 2575 confiderent
1160 2523 1192 2574 ot
1220 2514 1393 2591 plerumque
1421 2515 1578 2588 heberent3
1610 2523 1643 2575 ut
1674 2521 1776 2578 evenit

445 2627 477 2684 in
503 2623 584 2684 bello
605 2619 788 2681 Antioohino
814 2617 896 2694 (Irin.
918 2616 969 2687 35,
990 2615 1039 2673 47.
1063 2615 1113 2688 36,
1136 2615 1164 2674 6.
1188 2613 1236 2676 20.
1262 2613 1372 2692 Polyb.
1396 2613 1445 2686 20,
1469 2616 1498 2688 7,
1521 2615 1555 2690 3)
1582 2616 1713 2694 itemque
1740 2619 1773 2676 in

443 2725 579 2794 Pession,
600 2731 633 2781 ut
652 2737 746 2797 supro
759 2717 897 2777 vidimus.
915 2747 956 2760 -
977 2713 1163 2792 Stipendium
1184 2721 1285 2774 eutem
1298 2715 1471 2792 impositum
1492 2732 1561 2776 esse
1577 2717 1698 2793 populis
1712 2737 1775 2780 non

444 2824 534 2884 simol
554 2824 586 2882 in
607 2821 777 2898 provinciae
802 2817 929 2874 formem
956 2815 1084 2875 rodentis
1105 2821 1219 2873 tentum
1242 2816 1341 2888 obest,
1368 2823 1401 2873 ut
1421 2814 1714 2904 offendere'debent,
1742 2828 1775 2879 ut

444 2925 475 2982 id
500 2925 598 3001 ipsum
623 2920 726 2998 paullo
754 2925 824 2993 post
848 2917 880 2974 in
905 2916 1027 2992 Illyrico
1056 2915 1136 2991 (Lir.
1159 2916 1209 2988 45,
1232 2913 1286 2991 io)
1311 2923 1341 2975 et
1366 2916 1397 2974 iu
1418 2913 1595 2976 Macedonio
1615 2917 1699 2994 (lain.
1720 2921 1774 2994 to,

443 3023 498 3098 29)
520 3025 591 3084 item
612 3023 726 3082 iootum
747 3018 795 3079 sit.

527 3121 634 3196 Capite
656 3129 763 3194 quarto
786 3119 828 3190 (v.
845 3116 982 3192 27-31)
1004 3116 1104 3193 egitur
1124 3117 1161 3174 de
1182 3116 1346 3176 moenibus.
1370 3115 1493 3194 ,Oppidi
1507 3120 1628 3178 moenis
1647 3127 1773 3180 senatus

443 3221 527 3280 lubet
552 3219 645 3286 dirui,
672 3225 706 3274 nt
730 3225 838 3292 postes
863 3217 1024 3276 Mummius
1057 3216 1234 3292 oppidorum
1261 3233 1339 3292 quoe
1359 3215 1505 3278 Romanis
1528 3219 1558 3276 vi
1588 3220 1774 3279 restitissent

442 3319 575 3380 omnium
597 3317 715 3376 moenie
740 3316 831 3375 dimit
853 3315 996 3391 (Peneon.
1020 3314 1049 3388 2,
1074 3318 1101 3387 1,
1123 3315 1151 3374 2.
1175 3317 1204 3387 7,
1228 3317 1276 3389 16,
1299 3317 1349 3392 9);
1374 3335 1473 3380 oroom
1492 3316 1582 3376 trsdit
1603 3317 1771 3380 Thisbaeis

442 3421 480 3482 iis
501 3419 554 3494 qui
575 3417 614 3476 sd
634 3418 789 3477 Mmonoe
811 3415 1051 3493 transfugissent,
1078 3424 1111 3473 ut
1137 3415 1195 3474 soli
1215 3417 1257 3478 ibi
1278 3417 1447 3478 habitarent
1467 3435 1591 3494 eamque
1611 3421 1772 3479 moenibus

443 3518 670 3579 circumdarent.
702 3516 750 3575 De
766 3534 884 3576 summo
901 3533 934 3572 re
949 3523 1076 3586 constet,
1098 3533 1278 3592 quemquem
1293 3518 1386 3576 verbo
1406 3518 1550 3594 impedito
1563 3527 1634 3578 sunt
1646 3530 1773 3596 propter

442 3619 556 3678 hirtum
584 3635 613 3674 r.
639 3615 678 3673 2'1
707 3631 769 3671 non
794 3614 869 3674 sotis
894 3623 977 3673 certe
1001 3615 1117 3674 ratione
1143 3615 1332 3692 explendum.
1356 3649 1394 3662 -—
1416 3616 1549 3675 Aduotst
1569 3637 1601 3694 p.
1624 3619 1661 3678 41
1688 3619 1772 3678 Fon·

440 3725 541 3779 nortus
558 3717 693 3776 locorum
714 3731 825 3793 gnerus
839 3715 957 3773 moenio
979 3717 1058 3774 oreis
1077 3715 1173 3773 edhuo
1187 3715 1409 3776 evidentissime
1429 3717 1509 3776 cerni
1529 3719 1563 3776 in
1579 3719 1658 3777 oolle
1677 3736 1770 3796 snper

440 3819 559 3880 Koliosi
584 3819 682 3877 vinnm
705 3815 908 3876 Dombrennm
935 3831 1041 3874 versos
1067 3815 1148 3874 mota
1174 3833 1212 3873 ex
1239 3816 1323 3876 sexis
1342 3818 1496 3892 quadratis
1524 3818 1589 3876 sine
1613 3827 1769 3878 osemento

439 3920 611 3982 oommiseis
636 3925 667 3977 et
692 3917 825 3976 turribus
851 3915 923 3974 olim
950 3916 1074 3974 munita.
1121 3915 1205 3974 Idem
1231 3933 1270 3974 ex
1298 3917 1354 3974 hoo
1382 3917 1559 3976 documento
1583 3918 1708 3997 eollegit
1730 3939 1770 3978 es

439 4023 558 4081 moenie
577 4025 647 4097 post
670 4017 703 4076 id
723 4016 921 4093 perscriptum
942 4013 1099 4074 eedidootn
1119 4031 1200 4087 esse,
1226 4015 1307 4074 haud
1327 4016 1391 4075 soio
1412 4035 1451 4076 on
1472 4035 1532 4076 non
1553 4026 1643 4080 reete.
1684 4018 1769 4080 Nam

439 4139 538 4182 troem
559 4137 596 4180 eo
615 4127 749 4194 tempore
770 4117 927 4176 moenibus
948 4116 1082 4174 teruisse
1102 4116 1155 4173 vix
1176 4123 1255 4174 reete
1275 4116 1345 4174 inde
1366 4115 1524 4194 colligitur,
1546 4119 1627 4194 qnod
1647 4129 1681 4177 nt
1701 4137 1770 4179 mn·

438 4223 537 4280 utetur
558 4225 680 4279 senatus
699 4219 759 4276 iem
772 4216 927 4294 permittit,
949 4233 1016 4274 eum
1031 4215 1088 4272 hoo
1109 4215 1180 4274 item
1195 4215 1363 4292 significare
1377 4218 1477 4294 possit
1493 4219 1666 4294 permittere
1687 4239 1768 4292 enm,

438 4329 472 4380 ut
491 4321 607 4380 munite
626 4324 808 4396 permanent.

522 4417 629 4493 Capito
644 4419 748 4493 quinto
770 4417 812 4492 (v.
829 4415 967 4492 32-35)
988 4415 1087 4494 egitur
1101 4417 1137 4476 de
1159 4433 1233 4476 ouro
1252 4417 1447 4478 oThisbeeis
1468 4425 1538 4480 onte
1551 4419 1659 4496 opinor
1672 4437 1768 4496 quem

438 4515 551 4574 bellom
572 4516 689 4574 exarsit
709 4515 819 4573 oolleto
841 4515 879 4574 nd
900 4533 1040 4576 eoronam
1062 4517 1093 4575 in
1108 4515 1260 4594 Capitolio
1279 4518 1484 4582 dedionndem.
1518 4517 1641 4582 Soilioot
1661 4529 1767 4580 notum

442 4713 643 4730 m

516 4851 540 4915 ¹)
563 4853 664 4906 Eodem
682 4855 735 4905 iem
753 4859 821 4905 reete
839 4844 991 4918 reseremus,
1011 4856 1080 4922 qnod
1093 4859 1130 4908 eit
1143 4857 1234 4930 Cicero
1253 4859 1525 4923 ooo.n.3‚19,49=
1544 4876 1579 4912 un
1591 4856 1769 4928 Amphiaraus

438 4945 487 4995 erit
505 4943 566 4995 den
591 4952 616 4995 et
637 4943 813 5011 Trophoniusl
836 4947 919 4997 noeti
941 4945 1038 5014 quiden
1051 4947 1199 5016 publicani,
1228 4965 1282 5001 eom
1306 4955 1388 5002 essent
1404 4952 1465 5016 apri
1485 4952 1512 5001 in
1532 4947 1640 5002 Boeotio
1662 4947 1768 5002 dem

437 5033 613 5086 inimortaliun
632 5036 729 5101 excepti
746 5035 799 5102 Iope
818 5037 941 5098 censorio,
960 5035 1086 5104 nepobont
1104 5040 1254 5092 inmortales
1271 5057 1324 5093 esee
1341 5041 1415 5103 ullos,
1436 5042 1482 5108 pul
1497 5039 1635 5108 olipumdo
1653 5038 1769 5092 domina

430 5123 547 5188 sument.
