<?xml version="1.0" encoding="UTF-8"?>
<!DOCTYPE html PUBLIC "-//W3C//DTD XHTML 1.0 Transitional//EN"
    "http://www.w3.org/TR/xhtml1/DTD/xhtml1-transitional.dtd">
<html xmlns="http://www.w3.org/1999/xhtml" xml:lang="en" lang="en">
 <head>
  <title>
</title>
<meta http-equiv="Content-Type" content="text/html;charset=utf-8" />
  <meta name='ocr-system' content='tesseract 3.04.00' />
  <meta name='ocr-capabilities' content='ocr_page ocr_carea ocr_par ocr_line ocrx_word'/>
</head>
<body>
  <div class='ocr_page' id='page_1' title='image "./ephemerisepigra01henzgoog_0091.png"; bbox 0 0 3858 5960; ppageno 0'>
   <div class='ocr_carea' id='block_1_1' title="bbox 338 526 1093 597">
    <p class='ocr_par' dir='ltr' id='par_1_1' title="bbox 338 526 1093 597">
     <span class='ocr_line' id='line_1_1' title="bbox 338 526 1093 597; baseline -0.009 -2"><span class='ocrx_word' id='word_1_1' title='bbox 338 526 385 597; x_wconf 86' lang='grc'><strong>76</strong></span> <span class='ocrx_word' id='word_1_2' title='bbox 909 537 1093 590; x_wconf 70' lang='lat' dir='ltr'><strong>noussen</strong></span> 
     </span>
    </p>
   </div>
   <div class='ocr_carea' id='block_1_2' title="bbox 335 707 1669 785">
    <p class='ocr_par' dir='ltr' id='par_1_2' title="bbox 335 707 1669 785">
     <span class='ocr_line' id='line_1_2' title="bbox 335 707 1669 785; baseline -0.006 -11"><span class='ocrx_word' id='word_1_3' title='bbox 335 714 500 774; x_wconf 85' lang='lat' dir='ltr'><strong>Evidenter</strong></span> <span class='ocrx_word' id='word_1_4' title='bbox 521 712 740 774; x_wconf 85' lang='lat' dir='ltr'><strong>Gutenstenius</strong></span> <span class='ocrx_word' id='word_1_5' title='bbox 766 710 841 768; x_wconf 84' lang='lat' dir='ltr'><strong>haec</strong></span> <span class='ocrx_word' id='word_1_6' title='bbox 860 708 1019 785; x_wconf 77' lang='lat' dir='ltr'>descripsit</span> <span class='ocrx_word' id='word_1_7' title='bbox 1040 727 1079 766; x_wconf 87' lang='lat' dir='ltr'><strong>ex</strong></span> <span class='ocrx_word' id='word_1_8' title='bbox 1100 707 1168 783; x_wconf 90' lang='lat' dir='ltr'><strong>ipso</strong></span> <span class='ocrx_word' id='word_1_9' title='bbox 1189 707 1243 764; x_wconf 93' lang='lat' dir='ltr'><strong>illo</strong></span> <span class='ocrx_word' id='word_1_10' title='bbox 1264 707 1318 783; x_wconf 93' lang='lat' dir='ltr'><strong>qui</strong></span> <span class='ocrx_word' id='word_1_11' title='bbox 1339 707 1437 766; x_wconf 88' lang='lat' dir='ltr'><strong>adhuc</strong></span> <span class='ocrx_word' id='word_1_12' title='bbox 1459 714 1545 766; x_wconf 88' lang='lat' dir='ltr'><strong>extat</strong></span> <span class='ocrx_word' id='word_1_13' title='bbox 1566 707 1669 766; x_wconf 81' lang='lat' dir='ltr'><strong>codice</strong></span> 
     </span>
    </p>
   </div>
   <div class='ocr_carea' id='block_1_3' title="bbox 230 806 1669 886">
    <p class='ocr_par' dir='ltr' id='par_1_3' title="bbox 230 806 1669 886">
     <span class='ocr_line' id='line_1_3' title="bbox 230 806 1669 886; baseline -0.007 -10"><span class='ocrx_word' id='word_1_14' title='bbox 230 809 244 830; x_wconf 60' lang='lat'>⁸</span> <span class='ocrx_word' id='word_1_15' title='bbox 335 814 450 875; x_wconf 78' lang='lat' dir='ltr'><strong>Metelli</strong></span> <span class='ocrx_word' id='word_1_16' title='bbox 471 835 500 874; x_wconf 91' lang='lat' dir='ltr'><strong>n.</strong></span> <span class='ocrx_word' id='word_1_17' title='bbox 517 813 613 884; x_wconf 83' lang='lat'><strong>6039;</strong></span> <span class='ocrx_word' id='word_1_18' title='bbox 642 831 712 870; x_wconf 90' lang='lat' dir='ltr'><strong>nam</strong></span> <span class='ocrx_word' id='word_1_19' title='bbox 737 811 813 868; x_wconf 89' lang='lat' dir='ltr'><strong>alter</strong></span> <span class='ocrx_word' id='word_1_20' title='bbox 837 808 1198 886; x_wconf 59' lang='lat' dir='ltr'><strong>accusatoremne</strong></span> <span class='ocrx_word' id='word_1_21' title='bbox 1222 806 1469 868; x_wconf 86' lang='lat' dir='ltr'><strong>Gutensteniauis</strong></span> <span class='ocrx_word' id='word_1_22' title='bbox 1492 809 1581 867; x_wconf 88' lang='lat' dir='ltr'><strong>etiam</strong></span> <span class='ocrx_word' id='word_1_23' title='bbox 1603 808 1669 866; x_wconf 89' lang='lat' dir='ltr'><strong>lon·</strong></span> 
     </span>
    </p>
   </div>
   <div class='ocr_carea' id='block_1_4' title="bbox 335 909 1676 3918">
    <p class='ocr_par' dir='ltr' id='par_1_4' title="bbox 335 909 1676 3918">
     <span class='ocr_line' id='line_1_4' title="bbox 336 909 1670 992; baseline -0.006 -17"><span class='ocrx_word' id='word_1_24' title='bbox 336 917 404 992; x_wconf 85' lang='lat' dir='ltr'><strong>gius</strong></span> <span class='ocrx_word' id='word_1_25' title='bbox 430 915 550 974; x_wconf 78' lang='lat' dir='ltr'>recedit.</span> <span class='ocrx_word' id='word_1_26' title='bbox 597 912 769 988; x_wconf 80' lang='lat' dir='ltr'><strong>Descripsit</strong></span> <span class='ocrx_word' id='word_1_27' title='bbox 796 919 896 969; x_wconf 88' lang='lat' dir='ltr'><strong>autem</strong></span> <span class='ocrx_word' id='word_1_28' title='bbox 924 910 980 981; x_wconf 89' lang='lat' dir='ltr'><strong>ita,</strong></span> <span class='ocrx_word' id='word_1_29' title='bbox 1015 918 1050 968; x_wconf 91' lang='lat' dir='ltr'><strong>ut</strong></span> <span class='ocrx_word' id='word_1_30' title='bbox 1074 917 1194 988; x_wconf 86' lang='lat' dir='ltr'><strong>praeter</strong></span> <span class='ocrx_word' id='word_1_31' title='bbox 1221 909 1339 968; x_wconf 89' lang='lat' dir='ltr'><strong>minora</strong></span> <span class='ocrx_word' id='word_1_32' title='bbox 1363 909 1395 966; x_wconf 93' lang='lat' dir='ltr'><strong>in</strong></span> <span class='ocrx_word' id='word_1_33' title='bbox 1422 909 1519 968; x_wconf 87' lang='lat' dir='ltr'><strong>altera</strong></span> <span class='ocrx_word' id='word_1_34' title='bbox 1545 909 1670 969; x_wconf 80' lang='lat' dir='ltr'><strong>adderet</strong></span> 
     </span>
     <span class='ocr_line' id='line_1_5' title="bbox 336 1009 1670 1092; baseline -0.004 -18"><span class='ocrx_word' id='word_1_35' title='bbox 336 1016 494 1092; x_wconf 79' lang='lat' dir='ltr'><strong>formulam</strong></span> <span class='ocrx_word' id='word_1_36' title='bbox 522 1015 744 1084; x_wconf 78' lang='lat' dir='ltr'><strong>dedicatoriam,</strong></span> <span class='ocrx_word' id='word_1_37' title='bbox 773 1012 804 1070; x_wconf 86' lang='lat' dir='ltr'><strong>in</strong></span> <span class='ocrx_word' id='word_1_38' title='bbox 830 1012 926 1070; x_wconf 84' lang='lat' dir='ltr'><strong>altera</strong></span> <span class='ocrx_word' id='word_1_39' title='bbox 950 1011 1067 1070; x_wconf 88' lang='lat' dir='ltr'><strong>duobus</strong></span> <span class='ocrx_word' id='word_1_40' title='bbox 1094 1011 1170 1070; x_wconf 90' lang='lat' dir='ltr'><strong>locis</strong></span> <span class='ocrx_word' id='word_1_41' title='bbox 1199 1030 1355 1070; x_wconf 89' lang='lat' dir='ltr'><strong>numerum</strong></span> <span class='ocrx_word' id='word_1_42' title='bbox 1382 1009 1508 1084; x_wconf 87' lang='lat' dir='ltr'><strong>dierum,</strong></span> <span class='ocrx_word' id='word_1_43' title='bbox 1541 1028 1670 1086; x_wconf 89' lang='lat' dir='ltr'><strong>quorum</strong></span> 
     </span>
     <span class='ocr_line' id='line_1_6' title="bbox 336 1109 1669 1189; baseline -0.005 -13"><span class='ocrx_word' id='word_1_44' title='bbox 336 1125 474 1176; x_wconf 76' lang='lat' dir='ltr'><strong>neutum</strong></span> <span class='ocrx_word' id='word_1_45' title='bbox 495 1116 526 1174; x_wconf 95' lang='lat' dir='ltr'><strong>in</strong></span> <span class='ocrx_word' id='word_1_46' title='bbox 548 1114 609 1173; x_wconf 90' lang='lat' dir='ltr'><strong>ullo</strong></span> <span class='ocrx_word' id='word_1_47' title='bbox 630 1115 736 1172; x_wconf 90' lang='lat' dir='ltr'><strong>horum</strong></span> <span class='ocrx_word' id='word_1_48' title='bbox 758 1113 910 1172; x_wconf 89' lang='lat' dir='ltr'><strong>titulorum</strong></span> <span class='ocrx_word' id='word_1_49' title='bbox 929 1113 1105 1189; x_wconf 82' lang='lat' dir='ltr'><strong>apographo</strong></span> <span class='ocrx_word' id='word_1_50' title='bbox 1121 1119 1274 1188; x_wconf 88' lang='lat' dir='ltr'><strong>comparet</strong></span> <span class='ocrx_word' id='word_1_51' title='bbox 1288 1119 1406 1187; x_wconf 88' lang='lat' dir='ltr'><strong>praeter</strong></span> <span class='ocrx_word' id='word_1_52' title='bbox 1421 1109 1669 1170; x_wconf 87' lang='lat' dir='ltr'><strong>Gutensteniana.</strong></span> 
     </span>
     <span class='ocr_line' id='line_1_7' title="bbox 336 1211 1668 1296; baseline -0.005 -20"><span class='ocrx_word' id='word_1_53' title='bbox 336 1217 384 1276; x_wconf 84' lang='lat' dir='ltr'><strong>Ea</strong></span> <span class='ocrx_word' id='word_1_54' title='bbox 402 1217 495 1296; x_wconf 79' lang='lat' dir='ltr'><strong>igitur</strong></span> <span class='ocrx_word' id='word_1_55' title='bbox 516 1223 700 1275; x_wconf 87' lang='lat' dir='ltr'><strong>commentus</strong></span> <span class='ocrx_word' id='word_1_56' title='bbox 722 1223 769 1273; x_wconf 90' lang='lat' dir='ltr'><strong>est</strong></span> <span class='ocrx_word' id='word_1_57' title='bbox 790 1232 844 1289; x_wconf 91' lang='lat' dir='ltr'><strong>per</strong></span> <span class='ocrx_word' id='word_1_58' title='bbox 862 1231 894 1272; x_wconf 90' lang='lat' dir='ltr'><strong>se</strong></span> <span class='ocrx_word' id='word_1_59' title='bbox 910 1213 1037 1272; x_wconf 88' lang='lat' dir='ltr'><strong>innocua</strong></span> <span class='ocrx_word' id='word_1_60' title='bbox 1053 1221 1083 1272; x_wconf 91' lang='lat' dir='ltr'><strong>et</strong></span> <span class='ocrx_word' id='word_1_61' title='bbox 1097 1213 1178 1283; x_wconf 85' lang='lat' dir='ltr'><strong>eilia,</strong></span> <span class='ocrx_word' id='word_1_62' title='bbox 1200 1212 1253 1271; x_wconf 89' lang='lat' dir='ltr'><strong>sed</strong></span> <span class='ocrx_word' id='word_1_63' title='bbox 1268 1211 1307 1269; x_wconf 84' lang='lat' dir='ltr'><strong>ad</strong></span> <span class='ocrx_word' id='word_1_64' title='bbox 1322 1211 1457 1270; x_wconf 81' lang='lat' dir='ltr'><strong>fraudem</strong></span> <span class='ocrx_word' id='word_1_65' title='bbox 1472 1211 1668 1289; x_wconf 79' lang='lat' dir='ltr'><strong>detegendam</strong></span> 
     </span>
     <span class='ocr_line' id='line_1_8' title="bbox 336 1312 1633 1394; baseline -0.005 -17"><span class='ocrx_word' id='word_1_66' title='bbox 336 1335 397 1377; x_wconf 90' lang='lat' dir='ltr'><strong>non</strong></span> <span class='ocrx_word' id='word_1_67' title='bbox 412 1318 510 1376; x_wconf 87' lang='lat' dir='ltr'><strong>miuus</strong></span> <span class='ocrx_word' id='word_1_68' title='bbox 525 1323 596 1394; x_wconf 92' lang='lat' dir='ltr'><strong>apta</strong></span> <span class='ocrx_word' id='word_1_69' title='bbox 609 1335 700 1392; x_wconf 90' lang='lat' dir='ltr'><strong>quam</strong></span> <span class='ocrx_word' id='word_1_70' title='bbox 714 1314 861 1374; x_wconf 88' lang='lat' dir='ltr'><strong>Hercules</strong></span> <span class='ocrx_word' id='word_1_71' title='bbox 877 1315 973 1373; x_wconf 88' lang='lat' dir='ltr'><strong>victor</strong></span> <span class='ocrx_word' id='word_1_72' title='bbox 987 1315 1151 1372; x_wconf 89' lang='lat' dir='ltr'><strong>honoratus</strong></span> <span class='ocrx_word' id='word_1_73' title='bbox 1167 1315 1205 1373; x_wconf 91' lang='lat' dir='ltr'><strong>ab</strong></span> <span class='ocrx_word' id='word_1_74' title='bbox 1219 1313 1399 1390; x_wconf 83' lang='lat' dir='ltr'><strong>imperatore</strong></span> <span class='ocrx_word' id='word_1_75' title='bbox 1411 1312 1633 1372; x_wconf 85' lang='lat' dir='ltr'><strong>Valentiniano.</strong></span> 
     </span>
     <span class='ocr_line' id='line_1_9' title="bbox 422 1413 1670 1500; baseline -0.004 -23"><span class='ocrx_word' id='word_1_76' title='bbox 422 1417 451 1477; x_wconf 88' lang='grc'><strong>3.</strong></span> <span class='ocrx_word' id='word_1_77' title='bbox 488 1415 583 1476; x_wconf 82' lang='lat' dir='ltr'><strong>Tituli</strong></span> <span class='ocrx_word' id='word_1_78' title='bbox 605 1435 665 1476; x_wconf 90' lang='lat' dir='ltr'><strong>non</strong></span> <span class='ocrx_word' id='word_1_79' title='bbox 687 1417 730 1476; x_wconf 87' lang='lat' dir='ltr'><strong>ita</strong></span> <span class='ocrx_word' id='word_1_80' title='bbox 750 1417 837 1500; x_wconf 85' lang='lat' dir='ltr'><strong>pauci</strong></span> <span class='ocrx_word' id='word_1_81' title='bbox 859 1415 998 1494; x_wconf 85' lang='lat' dir='ltr'><strong>leguntur</strong></span> <span class='ocrx_word' id='word_1_82' title='bbox 1019 1413 1100 1491; x_wconf 86' lang='lat' dir='ltr'><strong>apud</strong></span> <span class='ocrx_word' id='word_1_83' title='bbox 1123 1413 1286 1474; x_wconf 85' lang='lat' dir='ltr'><strong>Gruterum</strong></span> <span class='ocrx_word' id='word_1_84' title='bbox 1308 1433 1375 1472; x_wconf 91' lang='lat' dir='ltr'><strong>cum</strong></span> <span class='ocrx_word' id='word_1_85' title='bbox 1398 1413 1670 1490; x_wconf 89' lang='lat' dir='ltr'><strong>subscriptionibus</strong></span> 
     </span>
     <span class='ocr_line' id='line_1_10' title="bbox 336 1509 1671 1589; baseline -0.004 -12"><span class='ocrx_word' id='word_1_86' title='bbox 336 1519 450 1578; x_wconf 77' lang='lat' dir='ltr'><strong>formae</strong></span> <span class='ocrx_word' id='word_1_87' title='bbox 471 1518 619 1589; x_wconf 85' lang='lat' dir='ltr'><strong>diversae,</strong></span> <span class='ocrx_word' id='word_1_88' title='bbox 647 1517 736 1576; x_wconf 90' lang='lat' dir='ltr'><strong>modo</strong></span> <span class='ocrx_word' id='word_1_89' title='bbox 761 1514 808 1575; x_wconf 88' lang='lat' dir='ltr'><strong>‘ex</strong></span> <span class='ocrx_word' id='word_1_90' title='bbox 830 1517 944 1576; x_wconf 87' lang='lat' dir='ltr'><strong>Metelli</strong></span> <span class='ocrx_word' id='word_1_91' title='bbox 972 1516 1091 1575; x_wconf 89' lang='lat' dir='ltr'><strong>schedis</strong></span> <span class='ocrx_word' id='word_1_92' title='bbox 1115 1510 1350 1587; x_wconf 85' lang='lat' dir='ltr'><strong>Gutensteuius&#39;,</strong></span> <span class='ocrx_word' id='word_1_93' title='bbox 1377 1513 1466 1573; x_wconf 91' lang='lat' dir='ltr'><strong>modo</strong></span> <span class='ocrx_word' id='word_1_94' title='bbox 1486 1509 1671 1574; x_wconf 86' lang='lat' dir='ltr'><strong>‘Metelluse</strong></span> 
     </span>
     <span class='ocr_line' id='line_1_11' title="bbox 336 1613 1670 1692; baseline -0.004 -15"><span class='ocrx_word' id='word_1_95' title='bbox 336 1619 438 1678; x_wconf 88' lang='lat' dir='ltr'><strong>codice</strong></span> <span class='ocrx_word' id='word_1_96' title='bbox 458 1619 560 1678; x_wconf 77' lang='lat' dir='ltr'><strong>fratris</strong></span> <span class='ocrx_word' id='word_1_97' title='bbox 582 1613 726 1689; x_wconf 86' lang='lat' dir='ltr'><strong>Iucundi&#39;,</strong></span> <span class='ocrx_word' id='word_1_98' title='bbox 749 1619 837 1676; x_wconf 91' lang='lat' dir='ltr'><strong>modo</strong></span> <span class='ocrx_word' id='word_1_99' title='bbox 856 1615 1007 1677; x_wconf 82' lang='lat' dir='ltr'><strong>‘Metellus</strong></span> <span class='ocrx_word' id='word_1_100' title='bbox 1028 1636 1045 1676; x_wconf 90' lang='lat' dir='ltr'><strong>e</strong></span> <span class='ocrx_word' id='word_1_101' title='bbox 1068 1618 1272 1692; x_wconf 85' lang='lat' dir='ltr'><strong>manuscripto</strong></span> <span class='ocrx_word' id='word_1_102' title='bbox 1295 1615 1397 1675; x_wconf 89' lang='lat' dir='ltr'><strong>codice</strong></span> <span class='ocrx_word' id='word_1_103' title='bbox 1419 1615 1581 1675; x_wconf 88' lang='lat' dir='ltr'><strong>cardinalis</strong></span> <span class='ocrx_word' id='word_1_104' title='bbox 1597 1613 1670 1674; x_wconf 84' lang='lat' dir='ltr'><strong>Oar-</strong></span> 
     </span>
     <span class='ocr_line' id='line_1_12' title="bbox 335 1715 1670 1796; baseline -0.003 -18"><span class='ocrx_word' id='word_1_105' title='bbox 335 1715 457 1795; x_wconf 86' lang='lat' dir='ltr'><strong>pensia&#39;‚</strong></span> <span class='ocrx_word' id='word_1_106' title='bbox 488 1737 565 1796; x_wconf 87' lang='lat' dir='ltr'><strong>quas</strong></span> <span class='ocrx_word' id='word_1_107' title='bbox 592 1720 828 1795; x_wconf 78' lang='lat' dir='ltr'><strong>subscriptiones</strong></span> <span class='ocrx_word' id='word_1_108' title='bbox 855 1719 966 1777; x_wconf 91' lang='lat' dir='ltr'><strong>dudum</strong></span> <span class='ocrx_word' id='word_1_109' title='bbox 995 1719 1182 1778; x_wconf 85' lang='lat' dir='ltr'><strong>intellectum</strong></span> <span class='ocrx_word' id='word_1_110' title='bbox 1212 1728 1260 1778; x_wconf 89' lang='lat' dir='ltr'><strong>est</strong></span> <span class='ocrx_word' id='word_1_111' title='bbox 1286 1718 1462 1793; x_wconf 87' lang='lat' dir='ltr'><strong>plerumque</strong></span> <span class='ocrx_word' id='word_1_112' title='bbox 1488 1727 1567 1776; x_wconf 88' lang='lat' dir='ltr'><strong>certe</strong></span> <span class='ocrx_word' id='word_1_113' title='bbox 1591 1715 1670 1776; x_wconf 89' lang='lat' dir='ltr'><strong>idem</strong></span> 
     </span>
     <span class='ocr_line' id='line_1_13' title="bbox 336 1817 1670 1898; baseline -0.003 -18"><span class='ocrx_word' id='word_1_114' title='bbox 336 1819 523 1898; x_wconf 79' lang='lat' dir='ltr'><strong>significare,</strong></span> <span class='ocrx_word' id='word_1_115' title='bbox 550 1821 582 1879; x_wconf 92' lang='lat' dir='ltr'><strong>id</strong></span> <span class='ocrx_word' id='word_1_116' title='bbox 608 1827 655 1879; x_wconf 87' lang='lat' dir='ltr'><strong>eet</strong></span> <span class='ocrx_word' id='word_1_117' title='bbox 675 1821 795 1880; x_wconf 88' lang='lat' dir='ltr'><strong>titulum</strong></span> <span class='ocrx_word' id='word_1_118' title='bbox 818 1839 857 1878; x_wconf 83' lang='lat' dir='ltr'><strong>ex</strong></span> <span class='ocrx_word' id='word_1_119' title='bbox 880 1820 981 1879; x_wconf 89' lang='lat' dir='ltr'><strong>codice</strong></span> <span class='ocrx_word' id='word_1_120' title='bbox 1004 1821 1105 1878; x_wconf 80' lang='lat' dir='ltr'><strong>fratris</strong></span> <span class='ocrx_word' id='word_1_121' title='bbox 1127 1819 1254 1880; x_wconf 91' lang='lat' dir='ltr'><strong>Iucundi</strong></span> <span class='ocrx_word' id='word_1_122' title='bbox 1277 1827 1398 1878; x_wconf 86' lang='lat' dir='ltr'><strong>servato</strong></span> <span class='ocrx_word' id='word_1_123' title='bbox 1420 1827 1482 1878; x_wconf 90' lang='lat' dir='ltr'><strong>tum</strong></span> <span class='ocrx_word' id='word_1_124' title='bbox 1505 1817 1585 1894; x_wconf 90' lang='lat' dir='ltr'><strong>apud</strong></span> <span class='ocrx_word' id='word_1_125' title='bbox 1606 1837 1670 1877; x_wconf 91' lang='lat' dir='ltr'><strong>car·</strong></span> 
     </span>
     <span class='ocr_line' id='line_1_14' title="bbox 336 1918 1671 1998; baseline 0 -20"><span class='ocrx_word' id='word_1_126' title='bbox 336 1921 467 1980; x_wconf 85' lang='lat' dir='ltr'><strong>dinalem</strong></span> <span class='ocrx_word' id='word_1_127' title='bbox 500 1919 683 1996; x_wconf 76' lang='lat' dir='ltr'><strong>carpensem</strong></span> <span class='ocrx_word' id='word_1_128' title='bbox 712 1921 864 1980; x_wconf 84' lang='lat' dir='ltr'><strong>Metellum</strong></span> <span class='ocrx_word' id='word_1_129' title='bbox 896 1921 1113 1998; x_wconf 82' lang='lat' dir='ltr'><strong>descripsisse,</strong></span> <span class='ocrx_word' id='word_1_130' title='bbox 1148 1918 1381 1980; x_wconf 87' lang='lat' dir='ltr'><strong>Gutenetenium</strong></span> <span class='ocrx_word' id='word_1_131' title='bbox 1413 1938 1518 1979; x_wconf 90' lang='lat' dir='ltr'><strong>rursus</strong></span> <span class='ocrx_word' id='word_1_132' title='bbox 1551 1919 1671 1980; x_wconf 86' lang='lat' dir='ltr'><strong>misisse</strong></span> 
     </span>
     <span class='ocr_line' id='line_1_15' title="bbox 336 2020 1670 2100; baseline -0.001 -20"><span class='ocrx_word' id='word_1_133' title='bbox 336 2039 375 2080; x_wconf 87' lang='lat' dir='ltr'><strong>ex</strong></span> <span class='ocrx_word' id='word_1_134' title='bbox 402 2021 593 2080; x_wconf 87' lang='lat' dir='ltr'><strong>Metelliauie.</strong></span> <span class='ocrx_word' id='word_1_135' title='bbox 638 2021 781 2082; x_wconf 83' lang='lat' dir='ltr'><strong>Versavit</strong></span> <span class='ocrx_word' id='word_1_136' title='bbox 805 2021 898 2100; x_wconf 80' lang='lat' dir='ltr'><strong>igitur</strong></span> <span class='ocrx_word' id='word_1_137' title='bbox 927 2020 1144 2081; x_wconf 85' lang='lat' dir='ltr'><strong>Gutenstenius</strong></span> <span class='ocrx_word' id='word_1_138' title='bbox 1174 2029 1316 2099; x_wconf 85' lang='lat' dir='ltr'><strong>excerpta</strong></span> <span class='ocrx_word' id='word_1_139' title='bbox 1338 2021 1511 2079; x_wconf 89' lang='lat' dir='ltr'><strong>Metelliana</strong></span> <span class='ocrx_word' id='word_1_140' title='bbox 1539 2021 1599 2079; x_wconf 91' lang='lat' dir='ltr'><strong>iam</strong></span> <span class='ocrx_word' id='word_1_141' title='bbox 1627 2021 1670 2078; x_wconf 86' lang='lat' dir='ltr'><strong>iu·</strong></span> 
     </span>
     <span class='ocr_line' id='line_1_16' title="bbox 336 2117 1670 2199; baseline -0.001 -17"><span class='ocrx_word' id='word_1_142' title='bbox 336 2129 417 2182; x_wconf 86' lang='lat' dir='ltr'><strong>sarta</strong></span> <span class='ocrx_word' id='word_1_143' title='bbox 438 2123 534 2182; x_wconf 88' lang='lat' dir='ltr'><strong>codici</strong></span> <span class='ocrx_word' id='word_1_144' title='bbox 549 2123 694 2182; x_wconf 87' lang='lat' dir='ltr'><strong>Vaticano</strong></span> <span class='ocrx_word' id='word_1_145' title='bbox 710 2123 790 2182; x_wconf 95' lang='grc'>6039</span> <span class='ocrx_word' id='word_1_146' title='bbox 814 2121 930 2198; x_wconf 60' lang='lat' dir='ltr'><strong>pili.</strong></span> <span class='ocrx_word' id='word_1_147' title='bbox 946 2122 1121 2183; x_wconf 83' lang='grc'>309-398.</span> <span class='ocrx_word' id='word_1_148' title='bbox 1138 2123 1198 2182; x_wconf 89' lang='grc'><strong>369</strong></span> <span class='ocrx_word' id='word_1_149' title='bbox 1222 2122 1265 2180; x_wconf 90' lang='lat' dir='ltr'><strong>sio</strong></span> <span class='ocrx_word' id='word_1_150' title='bbox 1286 2122 1432 2199; x_wconf 89' lang='lat' dir='ltr'><strong>inscripta</strong></span> <span class='ocrx_word' id='word_1_151' title='bbox 1451 2117 1498 2180; x_wconf 87' lang='lat' dir='ltr'><strong>‘ex</strong></span> <span class='ocrx_word' id='word_1_152' title='bbox 1517 2121 1595 2180; x_wconf 93' lang='lat' dir='ltr'><strong>libro</strong></span> <span class='ocrx_word' id='word_1_153' title='bbox 1609 2121 1670 2198; x_wconf 88' lang='lat' dir='ltr'><strong>epi·</strong></span> 
     </span>
     <span class='ocr_line' id='line_1_17' title="bbox 336 2221 1671 2300; baseline -0.001 -18"><span class='ocrx_word' id='word_1_154' title='bbox 336 2231 536 2300; x_wconf 81' lang='lat' dir='ltr'><strong>grammatum</strong></span> <span class='ocrx_word' id='word_1_155' title='bbox 561 2241 652 2282; x_wconf 91' lang='lat' dir='ltr'><strong>mauu</strong></span> <span class='ocrx_word' id='word_1_156' title='bbox 678 2224 856 2300; x_wconf 87' lang='lat' dir='ltr'><strong>scriptorum</strong></span> <span class='ocrx_word' id='word_1_157' title='bbox 885 2241 988 2284; x_wconf 88' lang='lat' dir='ltr'><strong>recens</strong></span> <span class='ocrx_word' id='word_1_158' title='bbox 1009 2223 1169 2283; x_wconf 88' lang='lat' dir='ltr'><strong>cardinalis</strong></span> <span class='ocrx_word' id='word_1_159' title='bbox 1192 2221 1382 2300; x_wconf 80' lang='lat' dir='ltr'><strong>carpensis’:</strong></span> <span class='ocrx_word' id='word_1_160' title='bbox 1412 2241 1488 2299; x_wconf 90' lang='lat' dir='ltr'><strong>qnae</strong></span> <span class='ocrx_word' id='word_1_161' title='bbox 1510 2241 1577 2282; x_wconf 90' lang='lat' dir='ltr'><strong>cum</strong></span> <span class='ocrx_word' id='word_1_162' title='bbox 1599 2221 1671 2281; x_wconf 92' lang='lat' dir='ltr'><strong>olim</strong></span> 
     </span>
     <span class='ocr_line' id='line_1_18' title="bbox 336 2323 1672 2404; baseline 0.001 -23"><span class='ocrx_word' id='word_1_163' title='bbox 336 2323 556 2400; x_wconf 87' lang='lat' dir='ltr'><strong>perlustrabam</strong></span> <span class='ocrx_word' id='word_1_164' title='bbox 576 2325 706 2382; x_wconf 86' lang='lat' dir='ltr'><strong>iudicavi</strong></span> <span class='ocrx_word' id='word_1_165' title='bbox 728 2332 872 2401; x_wconf 90' lang='lat' dir='ltr'><strong>excerpta</strong></span> <span class='ocrx_word' id='word_1_166' title='bbox 893 2343 961 2384; x_wconf 88' lang='lat' dir='ltr'><strong>esse</strong></span> <span class='ocrx_word' id='word_1_167' title='bbox 982 2345 1021 2384; x_wconf 90' lang='lat' dir='ltr'><strong>ex</strong></span> <span class='ocrx_word' id='word_1_168' title='bbox 1042 2323 1208 2404; x_wconf 89' lang='lat' dir='ltr'><strong>exemplari</strong></span> <span class='ocrx_word' id='word_1_169' title='bbox 1230 2325 1332 2402; x_wconf 86' lang='lat' dir='ltr'><strong>aliquo</strong></span> <span class='ocrx_word' id='word_1_170' title='bbox 1355 2343 1545 2400; x_wconf 88' lang='lat' dir='ltr'><strong>nequaquam</strong></span> <span class='ocrx_word' id='word_1_171' title='bbox 1560 2324 1672 2383; x_wconf 89' lang='lat' dir='ltr'><strong>eximio</strong></span> 
     </span>
     <span class='ocr_line' id='line_1_19' title="bbox 337 2423 1673 2502; baseline 0 -20"><span class='ocrx_word' id='word_1_172' title='bbox 337 2423 474 2500; x_wconf 89' lang='lat' dir='ltr'><strong>corporis</strong></span> <span class='ocrx_word' id='word_1_173' title='bbox 501 2423 690 2484; x_wconf 89' lang='lat' dir='ltr'><strong>Iucundiani.</strong></span> <span class='ocrx_word' id='word_1_174' title='bbox 734 2425 831 2484; x_wconf 90' lang='lat' dir='ltr'><strong>Velim</strong></span> <span class='ocrx_word' id='word_1_175' title='bbox 860 2433 960 2486; x_wconf 73' lang='lat' dir='ltr'><strong>mmen</strong></span> <span class='ocrx_word' id='word_1_176' title='bbox 989 2427 1157 2486; x_wconf 87' lang='lat' dir='ltr'><strong>accuratius</strong></span> <span class='ocrx_word' id='word_1_177' title='bbox 1185 2425 1407 2498; x_wconf 85' lang='lat' dir='ltr'><strong>examinentur,</strong></span> <span class='ocrx_word' id='word_1_178' title='bbox 1436 2443 1497 2482; x_wconf 92' lang='lat' dir='ltr'><strong>non</strong></span> <span class='ocrx_word' id='word_1_179' title='bbox 1531 2445 1591 2502; x_wconf 89' lang='lat' dir='ltr'><strong>quo</strong></span> <span class='ocrx_word' id='word_1_180' title='bbox 1619 2445 1673 2502; x_wconf 90' lang='lat' dir='ltr'><strong>per</strong></span> 
     </span>
     <span class='ocr_line' id='line_1_20' title="bbox 339 2524 1673 2606; baseline 0.003 -24"><span class='ocrx_word' id='word_1_181' title='bbox 339 2541 372 2582; x_wconf 87' lang='lat' dir='ltr'><strong>se</strong></span> <span class='ocrx_word' id='word_1_182' title='bbox 400 2524 558 2585; x_wconf 86' lang='lat' dir='ltr'><strong>utilitatem</strong></span> <span class='ocrx_word' id='word_1_183' title='bbox 584 2525 727 2597; x_wconf 84' lang='lat' dir='ltr'><strong>habeant,</strong></span> <span class='ocrx_word' id='word_1_184' title='bbox 757 2527 811 2586; x_wconf 88' lang='lat' dir='ltr'><strong>sed</strong></span> <span class='ocrx_word' id='word_1_185' title='bbox 836 2533 870 2586; x_wconf 91' lang='lat' dir='ltr'><strong>ut</strong></span> <span class='ocrx_word' id='word_1_186' title='bbox 894 2528 1088 2606; x_wconf 85' lang='lat' dir='ltr'><strong>intellegatur</strong></span> <span class='ocrx_word' id='word_1_187' title='bbox 1113 2525 1331 2587; x_wconf 84' lang='lat' dir='ltr'><strong>Gutenatenius</strong></span> <span class='ocrx_word' id='word_1_188' title='bbox 1363 2527 1435 2603; x_wconf 90' lang='lat' dir='ltr'><strong>quid</strong></span> <span class='ocrx_word' id='word_1_189' title='bbox 1461 2526 1530 2586; x_wconf 91' lang='lat' dir='ltr'><strong>inde</strong></span> <span class='ocrx_word' id='word_1_190' title='bbox 1554 2527 1673 2586; x_wconf 89' lang='lat' dir='ltr'><strong>trahere</strong></span> 
     </span>
     <span class='ocr_line' id='line_1_21' title="bbox 338 2625 1673 2706; baseline 0.001 -22"><span class='ocrx_word' id='word_1_191' title='bbox 338 2625 478 2702; x_wconf 89' lang='lat' dir='ltr'><strong>potuerit.</strong></span> <span class='ocrx_word' id='word_1_192' title='bbox 521 2627 685 2686; x_wconf 86' lang='lat' dir='ltr'><strong>Praeterea</strong></span> <span class='ocrx_word' id='word_1_193' title='bbox 711 2645 820 2706; x_wconf 88' lang='lat' dir='ltr'><strong>corpus</strong></span> <span class='ocrx_word' id='word_1_194' title='bbox 843 2629 1071 2688; x_wconf 82' lang='lat' dir='ltr'><strong>Mazochianum</strong></span> <span class='ocrx_word' id='word_1_195' title='bbox 1093 2629 1267 2688; x_wconf 90' lang='lat' dir='ltr'><strong>adnotatum</strong></span> <span class='ocrx_word' id='word_1_196' title='bbox 1290 2647 1308 2686; x_wconf 91' lang='lat' dir='ltr'><strong>a</strong></span> <span class='ocrx_word' id='word_1_197' title='bbox 1329 2627 1452 2686; x_wconf 89' lang='lat' dir='ltr'><strong>Metello</strong></span> <span class='ocrx_word' id='word_1_198' title='bbox 1479 2645 1514 2686; x_wconf 90' lang='lat' dir='ltr'><strong>eo</strong></span> <span class='ocrx_word' id='word_1_199' title='bbox 1539 2634 1673 2704; x_wconf 91' lang='lat' dir='ltr'><strong>tempore</strong></span> 
     </span>
     <span class='ocr_line' id='line_1_22' title="bbox 340 2723 1674 2807; baseline 0.004 -23"><span class='ocrx_word' id='word_1_200' title='bbox 340 2735 492 2786; x_wconf 83' lang='lat' dir='ltr'><strong>servatum</strong></span> <span class='ocrx_word' id='word_1_201' title='bbox 513 2727 594 2804; x_wconf 91' lang='lat' dir='ltr'><strong>apud</strong></span> <span class='ocrx_word' id='word_1_202' title='bbox 609 2727 768 2788; x_wconf 84' lang='lat' dir='ltr'><strong>Horatium</strong></span> <span class='ocrx_word' id='word_1_203' title='bbox 791 2729 920 2800; x_wconf 87' lang='lat' dir='ltr'><strong>aValle,</strong></span> <span class='ocrx_word' id='word_1_204' title='bbox 942 2749 1031 2807; x_wconf 88' lang='lat' dir='ltr'><strong>quem</strong></span> <span class='ocrx_word' id='word_1_205' title='bbox 1052 2730 1083 2788; x_wconf 92' lang='lat' dir='ltr'><strong>id</strong></span> <span class='ocrx_word' id='word_1_206' title='bbox 1102 2727 1144 2787; x_wconf 87' lang='lat' dir='ltr'><strong>‘ut</strong></span> <span class='ocrx_word' id='word_1_207' title='bbox 1165 2739 1195 2790; x_wconf 91' lang='lat' dir='ltr'><strong>et</strong></span> <span class='ocrx_word' id='word_1_208' title='bbox 1215 2723 1284 2788; x_wconf 85' lang='lat' dir='ltr'><strong>alia’</strong></span> <span class='ocrx_word' id='word_1_209' title='bbox 1303 2727 1502 2789; x_wconf 84' lang='lat' dir='ltr'><strong>Gutenstenio</strong></span> <span class='ocrx_word' id='word_1_210' title='bbox 1525 2729 1674 2789; x_wconf 89' lang='lat' dir='ltr'><strong>obtulisse</strong></span> 
     </span>
     <span class='ocr_line' id='line_1_23' title="bbox 340 2823 1673 2908; baseline 0.001 -21"><span class='ocrx_word' id='word_1_211' title='bbox 340 2823 489 2888; x_wconf 88' lang='lat' dir='ltr'><strong>Gruterus</strong></span> <span class='ocrx_word' id='word_1_212' title='bbox 515 2829 630 2902; x_wconf 86' lang='lat' dir='ltr'><strong>scribit,</strong></span> <span class='ocrx_word' id='word_1_213' title='bbox 652 2830 717 2889; x_wconf 90' lang='lat' dir='ltr'><strong>sine</strong></span> <span class='ocrx_word' id='word_1_214' title='bbox 739 2831 831 2890; x_wconf 89' lang='lat' dir='ltr'><strong>dubio</strong></span> <span class='ocrx_word' id='word_1_215' title='bbox 852 2830 884 2890; x_wconf 90' lang='lat' dir='ltr'><strong>id</strong></span> <span class='ocrx_word' id='word_1_216' title='bbox 904 2833 1003 2908; x_wconf 90' lang='lat' dir='ltr'><strong>ipsum</strong></span> <span class='ocrx_word' id='word_1_217' title='bbox 1026 2841 1088 2904; x_wconf 88' lang='lat' dir='ltr'><strong>eet,</strong></span> <span class='ocrx_word' id='word_1_218' title='bbox 1111 2831 1191 2908; x_wconf 90' lang='lat' dir='ltr'><strong>quod</strong></span> <span class='ocrx_word' id='word_1_219' title='bbox 1213 2831 1302 2890; x_wconf 88' lang='lat' dir='ltr'><strong>hodia</strong></span> <span class='ocrx_word' id='word_1_220' title='bbox 1324 2831 1435 2906; x_wconf 92' lang='lat' dir='ltr'><strong>pariter</strong></span> <span class='ocrx_word' id='word_1_221' title='bbox 1454 2830 1621 2889; x_wconf 88' lang='lat' dir='ltr'><strong>custoditur</strong></span> <span class='ocrx_word' id='word_1_222' title='bbox 1642 2831 1673 2889; x_wconf 90' lang='lat' dir='ltr'><strong>in</strong></span> 
     </span>
     <span class='ocr_line' id='line_1_24' title="bbox 340 2928 1674 3009; baseline 0.003 -22"><span class='ocrx_word' id='word_1_223' title='bbox 340 2928 447 2988; x_wconf 85' lang='lat' dir='ltr'><strong>eadem</strong></span> <span class='ocrx_word' id='word_1_224' title='bbox 469 2931 653 2989; x_wconf 90' lang='lat' dir='ltr'><strong>bibliotheca</strong></span> <span class='ocrx_word' id='word_1_225' title='bbox 674 2932 822 2990; x_wconf 83' lang='lat' dir='ltr'><strong>Vaticana</strong></span> <span class='ocrx_word' id='word_1_226' title='bbox 850 2932 930 3009; x_wconf 93' lang='lat' dir='ltr'><strong>(cod.</strong></span> <span class='ocrx_word' id='word_1_227' title='bbox 954 2931 1061 3008; x_wconf 81' lang='grc'>8495),</span> <span class='ocrx_word' id='word_1_228' title='bbox 1090 2933 1141 2991; x_wconf 91' lang='lat' dir='ltr'><strong>ubi</strong></span> <span class='ocrx_word' id='word_1_229' title='bbox 1168 2933 1234 3009; x_wconf 88' lang='lat' dir='ltr'><strong>ipse</strong></span> <span class='ocrx_word' id='word_1_230' title='bbox 1257 2933 1396 2992; x_wconf 87' lang='lat' dir='ltr'><strong>Metellus</strong></span> <span class='ocrx_word' id='word_1_231' title='bbox 1423 2932 1454 2990; x_wconf 91' lang='lat' dir='ltr'><strong>in</strong></span> <span class='ocrx_word' id='word_1_232' title='bbox 1481 2931 1674 2991; x_wconf 90' lang='lat' dir='ltr'><strong>adnotatione</strong></span> 
     </span>
     <span class='ocr_line' id='line_1_25' title="bbox 341 3028 1672 3110; baseline 0.004 -24"><span class='ocrx_word' id='word_1_233' title='bbox 341 3028 380 3086; x_wconf 90' lang='lat' dir='ltr'><strong>ad</strong></span> <span class='ocrx_word' id='word_1_234' title='bbox 401 3031 618 3106; x_wconf 87' lang='lat' dir='ltr'><strong>praefationem</strong></span> <span class='ocrx_word' id='word_1_235' title='bbox 640 3029 789 3109; x_wconf 87' lang='lat' dir='ltr'><strong>adiecta¹)</strong></span> <span class='ocrx_word' id='word_1_236' title='bbox 812 3041 874 3092; x_wconf 90' lang='lat' dir='ltr'><strong>tam</strong></span> <span class='ocrx_word' id='word_1_237' title='bbox 895 3033 1022 3092; x_wconf 89' lang='lat' dir='ltr'><strong>Iucundi</strong></span> <span class='ocrx_word' id='word_1_238' title='bbox 1043 3034 1178 3092; x_wconf 87' lang='lat' dir='ltr'><strong>meminit</strong></span> <span class='ocrx_word' id='word_1_239' title='bbox 1199 3051 1289 3108; x_wconf 90' lang='lat' dir='ltr'><strong>quum</strong></span> <span class='ocrx_word' id='word_1_240' title='bbox 1312 3034 1380 3092; x_wconf 92' lang='lat' dir='ltr'><strong>libri</strong></span> <span class='ocrx_word' id='word_1_241' title='bbox 1402 3033 1485 3093; x_wconf 87' lang='lat' dir='ltr'><strong>illius</strong></span> <span class='ocrx_word' id='word_1_242' title='bbox 1499 3031 1672 3110; x_wconf 86' lang='lat' dir='ltr'><strong>Carpansis.</strong></span> 
     </span>
     <span class='ocr_line' id='line_1_26' title="bbox 340 3129 1673 3212; baseline 0.004 -25"><span class='ocrx_word' id='word_1_243' title='bbox 340 3129 406 3190; x_wconf 91' lang='lat' dir='ltr'><strong>Iam</strong></span> <span class='ocrx_word' id='word_1_244' title='bbox 433 3131 525 3208; x_wconf 82' lang='lat' dir='ltr'><strong>igitur</strong></span> <span class='ocrx_word' id='word_1_245' title='bbox 551 3151 618 3191; x_wconf 90' lang='lat' dir='ltr'><strong>cum</strong></span> <span class='ocrx_word' id='word_1_246' title='bbox 646 3134 819 3193; x_wconf 89' lang='lat' dir='ltr'><strong>Metelliana</strong></span> <span class='ocrx_word' id='word_1_247' title='bbox 844 3153 880 3191; x_wconf 91' lang='lat' dir='ltr'><strong>ea</strong></span> <span class='ocrx_word' id='word_1_248' title='bbox 905 3153 982 3210; x_wconf 90' lang='lat' dir='ltr'><strong>quae</strong></span> <span class='ocrx_word' id='word_1_249' title='bbox 1008 3133 1088 3212; x_wconf 89' lang='lat' dir='ltr'><strong>apud</strong></span> <span class='ocrx_word' id='word_1_250' title='bbox 1113 3133 1274 3192; x_wconf 86' lang='lat' dir='ltr'><strong>Horatium</strong></span> <span class='ocrx_word' id='word_1_251' title='bbox 1302 3152 1321 3191; x_wconf 93' lang='lat' dir='ltr'><strong>a</strong></span> <span class='ocrx_word' id='word_1_252' title='bbox 1341 3133 1430 3193; x_wconf 85' lang='lat' dir='ltr'><strong>Valle</strong></span> <span class='ocrx_word' id='word_1_253' title='bbox 1458 3132 1673 3194; x_wconf 83' lang='lat' dir='ltr'><strong>Gutensteuius</strong></span> 
     </span>
     <span class='ocr_line' id='line_1_27' title="bbox 341 3231 1675 3313; baseline 0.005 -25"><span class='ocrx_word' id='word_1_254' title='bbox 341 3231 418 3289; x_wconf 87' lang='lat' dir='ltr'><strong>vidit</strong></span> <span class='ocrx_word' id='word_1_255' title='bbox 444 3232 541 3290; x_wconf 86' lang='lat' dir='ltr'><strong>adhuc</strong></span> <span class='ocrx_word' id='word_1_256' title='bbox 570 3235 722 3308; x_wconf 86' lang='lat' dir='ltr'><strong>supersint</strong></span> <span class='ocrx_word' id='word_1_257' title='bbox 747 3235 779 3292; x_wconf 89' lang='lat' dir='ltr'><strong>in</strong></span> <span class='ocrx_word' id='word_1_258' title='bbox 807 3232 969 3305; x_wconf 85' lang='lat' dir='ltr'><strong>Vaticana,</strong></span> <span class='ocrx_word' id='word_1_259' title='bbox 1002 3255 1042 3294; x_wconf 89' lang='lat' dir='ltr'><strong>ex</strong></span> <span class='ocrx_word' id='word_1_260' title='bbox 1069 3235 1118 3299; x_wconf 87' lang='lat' dir='ltr'><strong>his</strong></span> <span class='ocrx_word' id='word_1_261' title='bbox 1143 3253 1222 3311; x_wconf 90' lang='lat' dir='ltr'><strong>quae</strong></span> <span class='ocrx_word' id='word_1_262' title='bbox 1251 3233 1382 3295; x_wconf 84' lang='lat' dir='ltr'><strong>Grutaro</strong></span> <span class='ocrx_word' id='word_1_263' title='bbox 1409 3235 1526 3294; x_wconf 86' lang='lat' dir='ltr'><strong>rettulit</strong></span> <span class='ocrx_word' id='word_1_264' title='bbox 1554 3235 1675 3313; x_wconf 84' lang='lat' dir='ltr'><strong>exigere</strong></span> 
     </span>
     <span class='ocr_line' id='line_1_28' title="bbox 341 3331 1673 3414; baseline 0.006 -26"><span class='ocrx_word' id='word_1_265' title='bbox 341 3348 502 3408; x_wconf 90' lang='lat' dir='ltr'><strong>possumus</strong></span> <span class='ocrx_word' id='word_1_266' title='bbox 524 3331 563 3391; x_wconf 89' lang='lat' dir='ltr'><strong>ad</strong></span> <span class='ocrx_word' id='word_1_267' title='bbox 583 3331 668 3409; x_wconf 84' lang='lat' dir='ltr'><strong>ipsas</strong></span> <span class='ocrx_word' id='word_1_268' title='bbox 689 3335 825 3395; x_wconf 87' lang='lat' dir='ltr'><strong>schedas.</strong></span> <span class='ocrx_word' id='word_1_269' title='bbox 869 3336 944 3395; x_wconf 86' lang='lat' dir='ltr'><strong>Mihi</strong></span> <span class='ocrx_word' id='word_1_270' title='bbox 965 3355 1033 3395; x_wconf 92' lang='lat' dir='ltr'><strong>cum</strong></span> <span class='ocrx_word' id='word_1_271' title='bbox 1055 3335 1254 3413; x_wconf 82' lang='lat' dir='ltr'><strong>Carpensium</strong></span> <span class='ocrx_word' id='word_1_272' title='bbox 1275 3345 1482 3411; x_wconf 82' lang='lat' dir='ltr'><strong>excerptorum</strong></span> <span class='ocrx_word' id='word_1_273' title='bbox 1504 3337 1673 3414; x_wconf 88' lang='lat' dir='ltr'><strong>exemplum</strong></span> 
     </span>
     <span class='ocr_line' id='line_1_29' title="bbox 342 3435 1675 3515; baseline 0.006 -26"><span class='ocrx_word' id='word_1_274' title='bbox 342 3441 462 3509; x_wconf 85' lang='lat' dir='ltr'><strong>praesto</strong></span> <span class='ocrx_word' id='word_1_275' title='bbox 477 3451 538 3492; x_wconf 91' lang='lat' dir='ltr'><strong>non</strong></span> <span class='ocrx_word' id='word_1_276' title='bbox 552 3435 601 3506; x_wconf 89' lang='lat' dir='ltr'><strong>sit,</strong></span> <span class='ocrx_word' id='word_1_277' title='bbox 612 3435 851 3495; x_wconf 87' lang='lat' dir='ltr'><strong>Metallianarum</strong></span> <span class='ocrx_word' id='word_1_278' title='bbox 865 3444 964 3496; x_wconf 90' lang='lat' dir='ltr'><strong>autem</strong></span> <span class='ocrx_word' id='word_1_279' title='bbox 980 3437 1017 3496; x_wconf 86' lang='lat' dir='ltr'><strong>ad</strong></span> <span class='ocrx_word' id='word_1_280' title='bbox 1028 3438 1217 3496; x_wconf 87' lang='lat' dir='ltr'><strong>Mazochium</strong></span> <span class='ocrx_word' id='word_1_281' title='bbox 1233 3436 1459 3494; x_wconf 90' lang='lat' dir='ltr'><strong>adnotationum</strong></span> <span class='ocrx_word' id='word_1_282' title='bbox 1474 3438 1583 3496; x_wconf 88' lang='lat' dir='ltr'><strong>notitia</strong></span> <span class='ocrx_word' id='word_1_283' title='bbox 1597 3456 1675 3515; x_wconf 89' lang='lat' dir='ltr'><strong>quae</strong></span> 
     </span>
     <span class='ocr_line' id='line_1_30' title="bbox 344 3532 1675 3613; baseline 0.005 -22"><span class='ocrx_word' id='word_1_284' title='bbox 344 3532 474 3592; x_wconf 82' lang='lat' dir='ltr'><strong>sufficiat</strong></span> <span class='ocrx_word' id='word_1_285' title='bbox 488 3543 639 3611; x_wconf 84' lang='lat' dir='ltr'><strong>suppetat,</strong></span> <span class='ocrx_word' id='word_1_286' title='bbox 654 3536 773 3596; x_wconf 90' lang='lat' dir='ltr'><strong>iuterim</strong></span> <span class='ocrx_word' id='word_1_287' title='bbox 788 3539 1023 3613; x_wconf 85' lang='lat' dir='ltr'><strong>experimentum</strong></span> <span class='ocrx_word' id='word_1_288' title='bbox 1038 3539 1136 3598; x_wconf 86' lang='lat' dir='ltr'><strong>faeere</strong></span> <span class='ocrx_word' id='word_1_289' title='bbox 1147 3539 1239 3608; x_wconf 86' lang='lat' dir='ltr'><strong>volui,</strong></span> <span class='ocrx_word' id='word_1_290' title='bbox 1254 3539 1333 3597; x_wconf 91' lang='lat' dir='ltr'><strong>inter</strong></span> <span class='ocrx_word' id='word_1_291' title='bbox 1344 3536 1582 3598; x_wconf 85' lang='lat' dir='ltr'><strong>Gutensteuiana</strong></span> <span class='ocrx_word' id='word_1_292' title='bbox 1594 3537 1675 3600; x_wconf 87' lang='lat' dir='ltr'><strong>Gru·</strong></span> 
     </span>
     <span class='ocr_line' id='line_1_31' title="bbox 343 3634 1676 3716; baseline 0.007 -25"><span class='ocrx_word' id='word_1_293' title='bbox 343 3634 400 3692; x_wconf 87' lang='lat' dir='ltr'><strong>teri</strong></span> <span class='ocrx_word' id='word_1_294' title='bbox 427 3643 457 3693; x_wconf 87' lang='lat' dir='ltr'><strong>et</strong></span> <span class='ocrx_word' id='word_1_295' title='bbox 478 3634 706 3696; x_wconf 84' lang='lat' dir='ltr'><strong>Maacchianum</strong></span> <span class='ocrx_word' id='word_1_296' title='bbox 728 3656 838 3715; x_wconf 87' lang='lat' dir='ltr'><strong>corpus</strong></span> <span class='ocrx_word' id='word_1_297' title='bbox 859 3659 878 3698; x_wconf 94' lang='lat' dir='ltr'><strong>a</strong></span> <span class='ocrx_word' id='word_1_298' title='bbox 895 3639 1018 3698; x_wconf 91' lang='lat' dir='ltr'><strong>Metello</strong></span> <span class='ocrx_word' id='word_1_299' title='bbox 1040 3639 1213 3698; x_wconf 90' lang='lat' dir='ltr'><strong>adnotatum</strong></span> <span class='ocrx_word' id='word_1_300' title='bbox 1236 3657 1382 3716; x_wconf 88' lang='lat' dir='ltr'><strong>quaenam</strong></span> <span class='ocrx_word' id='word_1_301' title='bbox 1405 3639 1481 3698; x_wconf 91' lang='lat' dir='ltr'><strong>ratio</strong></span> <span class='ocrx_word' id='word_1_302' title='bbox 1503 3640 1676 3713; x_wconf 84' lang='lat' dir='ltr'><strong>intercedat,</strong></span> 
     </span>
     <span class='ocr_line' id='line_1_32' title="bbox 344 3734 1675 3818; baseline 0.008 -27"><span class='ocrx_word' id='word_1_303' title='bbox 344 3741 374 3792; x_wconf 89' lang='lat' dir='ltr'><strong>et</strong></span> <span class='ocrx_word' id='word_1_304' title='bbox 394 3734 443 3792; x_wconf 81' lang='lat' dir='ltr'><strong>vel</strong></span> <span class='ocrx_word' id='word_1_305' title='bbox 466 3735 510 3796; x_wconf 86' lang='lat' dir='ltr'><strong>sic</strong></span> <span class='ocrx_word' id='word_1_306' title='bbox 531 3737 712 3812; x_wconf 90' lang='lat' dir='ltr'><strong>deprehendi</strong></span> <span class='ocrx_word' id='word_1_307' title='bbox 733 3739 788 3797; x_wconf 91' lang='lat' dir='ltr'><strong>illa</strong></span> <span class='ocrx_word' id='word_1_308' title='bbox 808 3757 847 3799; x_wconf 93' lang='lat' dir='ltr'><strong>ex</strong></span> <span class='ocrx_word' id='word_1_309' title='bbox 868 3741 926 3799; x_wconf 90' lang='lat' dir='ltr'><strong>hoc</strong></span> <span class='ocrx_word' id='word_1_310' title='bbox 947 3741 1094 3818; x_wconf 88' lang='lat' dir='ltr'><strong>proticisci</strong></span> <span class='ocrx_word' id='word_1_311' title='bbox 1114 3741 1222 3810; x_wconf 87' lang='lat' dir='ltr'><strong>videri,</strong></span> <span class='ocrx_word' id='word_1_312' title='bbox 1245 3741 1299 3798; x_wconf 88' lang='lat' dir='ltr'><strong>sed</strong></span> <span class='ocrx_word' id='word_1_313' title='bbox 1320 3747 1353 3798; x_wconf 92' lang='lat' dir='ltr'><strong>ut</strong></span> <span class='ocrx_word' id='word_1_314' title='bbox 1373 3740 1564 3816; x_wconf 87' lang='lat' dir='ltr'><strong>interpolatio</strong></span> <span class='ocrx_word' id='word_1_315' title='bbox 1586 3741 1675 3801; x_wconf 89' lang='lat' dir='ltr'><strong>simul</strong></span> 
     </span>
     <span class='ocr_line' id='line_1_33' title="bbox 344 3835 1676 3918; baseline 0.005 -24"><span class='ocrx_word' id='word_1_316' title='bbox 344 3835 404 3894; x_wconf 91' lang='lat' dir='ltr'><strong>late</strong></span> <span class='ocrx_word' id='word_1_317' title='bbox 425 3847 564 3914; x_wconf 77' lang='lat' dir='ltr'><strong>grassata</strong></span> <span class='ocrx_word' id='word_1_318' title='bbox 585 3856 653 3899; x_wconf 87' lang='lat' dir='ltr'><strong>esse</strong></span> <span class='ocrx_word' id='word_1_319' title='bbox 674 3841 851 3900; x_wconf 87' lang='lat' dir='ltr'><strong>inveniatur.</strong></span> <span class='ocrx_word' id='word_1_320' title='bbox 887 3841 1029 3918; x_wconf 82' lang='lat' dir='ltr'><strong>Exempli</strong></span> <span class='ocrx_word' id='word_1_321' title='bbox 1051 3860 1144 3901; x_wconf 89' lang='lat' dir='ltr'><strong>causa</strong></span> <span class='ocrx_word' id='word_1_322' title='bbox 1163 3841 1318 3900; x_wconf 90' lang='lat' dir='ltr'><strong>titulorum</strong></span> <span class='ocrx_word' id='word_1_323' title='bbox 1340 3841 1404 3901; x_wconf 89' lang='lat' dir='ltr'><strong>eius</strong></span> <span class='ocrx_word' id='word_1_324' title='bbox 1426 3843 1545 3918; x_wconf 79' lang='lat' dir='ltr'><strong>generis</strong></span> <span class='ocrx_word' id='word_1_325' title='bbox 1567 3859 1622 3902; x_wconf 87' lang='lat' dir='ltr'><strong>sex</strong></span> <span class='ocrx_word' id='word_1_326' title='bbox 1643 3842 1676 3900; x_wconf 92' lang='lat' dir='ltr'><strong>in</strong></span> 
     </span>
    </p>
   </div>
   <div class='ocr_carea' id='block_1_5' title="bbox 345 3937 1679 4929">
    <p class='ocr_par' dir='ltr' id='par_1_5' title="bbox 345 3937 1679 4929">
     <span class='ocr_line' id='line_1_34' title="bbox 345 3937 1545 4020; baseline 0.003 -24"><span class='ocrx_word' id='word_1_327' title='bbox 345 3937 526 3998; x_wconf 82' lang='lat' dir='ltr'><strong>urbanorum</strong></span> <span class='ocrx_word' id='word_1_328' title='bbox 548 3948 633 4018; x_wconf 91' lang='lat' dir='ltr'><strong>parte</strong></span> <span class='ocrx_word' id='word_1_329' title='bbox 654 3941 751 4001; x_wconf 91' lang='lat' dir='ltr'><strong>adhuc</strong></span> <span class='ocrx_word' id='word_1_330' title='bbox 773 3943 853 4020; x_wconf 86' lang='lat' dir='ltr'><strong>typis</strong></span> <span class='ocrx_word' id='word_1_331' title='bbox 873 3943 1021 4020; x_wconf 89' lang='lat' dir='ltr'><strong>impressa</strong></span> <span class='ocrx_word' id='word_1_332' title='bbox 1041 3963 1060 4003; x_wconf 89' lang='lat' dir='ltr'><strong>a</strong></span> <span class='ocrx_word' id='word_1_333' title='bbox 1081 3963 1129 4002; x_wconf 89' lang='lat' dir='ltr'><strong>me</strong></span> <span class='ocrx_word' id='word_1_334' title='bbox 1149 3943 1404 4018; x_wconf 89' lang='lat' dir='ltr'><strong>deprehensorum</strong></span> <span class='ocrx_word' id='word_1_335' title='bbox 1425 3943 1545 4001; x_wconf 89' lang='lat' dir='ltr'><strong>horum:</strong></span> 
     </span>
     <span class='ocr_line' id='line_1_35' title="bbox 385 4037 1588 4117; baseline 0.003 -19"><span class='ocrx_word' id='word_1_336' title='bbox 385 4038 440 4112; x_wconf 83' lang='lat' dir='ltr'><strong>vl,</strong></span> <span class='ocrx_word' id='word_1_337' title='bbox 471 4039 509 4100; x_wconf 89' lang='grc'><strong>89</strong></span> <span class='ocrx_word' id='word_1_338' title='bbox 533 4067 570 4092; x_wconf 83' lang='lat'>=</span> <span class='ocrx_word' id='word_1_339' title='bbox 586 4043 665 4101; x_wconf 78' lang='lat' dir='ltr'><strong>Mau.</strong></span> <span class='ocrx_word' id='word_1_340' title='bbox 678 4045 716 4103; x_wconf 88' lang='lat'><strong>33</strong></span> <span class='ocrx_word' id='word_1_341' title='bbox 741 4070 778 4094; x_wconf 95' lang='lat'><em>=</em></span> <span class='ocrx_word' id='word_1_342' title='bbox 793 4043 880 4104; x_wconf 87' lang='lat' dir='ltr'><strong>Grut.</strong></span> <span class='ocrx_word' id='word_1_343' title='bbox 899 4046 968 4117; x_wconf 90' lang='grc'><strong>100,</strong></span> <span class='ocrx_word' id='word_1_344' title='bbox 991 4045 1009 4103; x_wconf 88' lang='grc'><strong>6</strong></span> <span class='ocrx_word' id='word_1_345' title='bbox 1030 4042 1055 4105; x_wconf 83' lang='lat' dir='ltr'><strong>‘e</strong></span> <span class='ocrx_word' id='word_1_346' title='bbox 1077 4044 1191 4104; x_wconf 85' lang='lat' dir='ltr'><strong>Metelli</strong></span> <span class='ocrx_word' id='word_1_347' title='bbox 1214 4043 1331 4102; x_wconf 88' lang='lat' dir='ltr'><strong>schedis</strong></span> <span class='ocrx_word' id='word_1_348' title='bbox 1353 4037 1588 4103; x_wconf 86' lang='lat' dir='ltr'><strong>Gutcnstenius’.</strong></span> 
     </span>
     <span class='ocr_line' id='line_1_36' title="bbox 408 4139 1518 4221; baseline 0.002 -21"><span class='ocrx_word' id='word_1_349' title='bbox 408 4141 511 4216; x_wconf 78' lang='grc'>,934</span> <span class='ocrx_word' id='word_1_350' title='bbox 534 4169 572 4194; x_wconf 91' lang='lat'><em>=</em></span> <span class='ocrx_word' id='word_1_351' title='bbox 619 4185 634 4219; x_wconf 85' lang='lat'><strong>„</strong></span> <span class='ocrx_word' id='word_1_352' title='bbox 679 4143 781 4203; x_wconf 78' lang='lat'><strong>23&#39;=</strong></span> <span class='ocrx_word' id='word_1_353' title='bbox 828 4188 844 4221; x_wconf 84' lang='lat'>„</span> <span class='ocrx_word' id='word_1_354' title='bbox 901 4146 970 4216; x_wconf 84' lang='lat'><strong>109,</strong></span> <span class='ocrx_word' id='word_1_355' title='bbox 994 4147 1011 4204; x_wconf 90' lang='grc'>3</span> <span class='ocrx_word' id='word_1_356' title='bbox 1032 4141 1057 4203; x_wconf 88' lang='lat' dir='ltr'><strong>‘e</strong></span> <span class='ocrx_word' id='word_1_357' title='bbox 1079 4145 1236 4204; x_wconf 86' lang='lat' dir='ltr'><strong>Mazochio</strong></span> <span class='ocrx_word' id='word_1_358' title='bbox 1259 4154 1366 4204; x_wconf 89' lang='lat' dir='ltr'><strong>etms.</strong></span> <span class='ocrx_word' id='word_1_359' title='bbox 1387 4139 1518 4204; x_wconf 88' lang='lat' dir='ltr'><strong>Metelli&#39;.</strong></span> 
     </span>
     <span class='ocr_line' id='line_1_37' title="bbox 410 4241 1676 4322; baseline 0.002 -20"><span class='ocrx_word' id='word_1_360' title='bbox 410 4241 510 4316; x_wconf 77' lang='lat'><strong>„562</strong></span> <span class='ocrx_word' id='word_1_361' title='bbox 534 4267 571 4294; x_wconf 59' lang='grc' dir='ltr'>ε</span> <span class='ocrx_word' id='word_1_362' title='bbox 619 4287 634 4320; x_wconf 88' lang='lat'>„</span> <span class='ocrx_word' id='word_1_363' title='bbox 678 4245 718 4304; x_wconf 88' lang='grc'>96</span> <span class='ocrx_word' id='word_1_364' title='bbox 742 4271 779 4296; x_wconf 87' lang='lat'>=</span> <span class='ocrx_word' id='word_1_365' title='bbox 826 4289 841 4322; x_wconf 83' lang='lat'><strong>‚,</strong></span> <span class='ocrx_word' id='word_1_366' title='bbox 899 4247 969 4319; x_wconf 93' lang='grc'><strong>101,</strong></span> <span class='ocrx_word' id='word_1_367' title='bbox 993 4248 1006 4304; x_wconf 89' lang='grc'>1</span> <span class='ocrx_word' id='word_1_368' title='bbox 1031 4243 1225 4304; x_wconf 83' lang='lat' dir='ltr'><strong>‘describebat</strong></span> <span class='ocrx_word' id='word_1_369' title='bbox 1244 4245 1384 4304; x_wconf 89' lang='lat' dir='ltr'><strong>Metellus</strong></span> <span class='ocrx_word' id='word_1_370' title='bbox 1406 4265 1423 4304; x_wconf 91' lang='lat' dir='ltr'><strong>e</strong></span> <span class='ocrx_word' id='word_1_371' title='bbox 1445 4245 1571 4304; x_wconf 87' lang='lat' dir='ltr'><strong>Iuouudi</strong></span> <span class='ocrx_word' id='word_1_372' title='bbox 1593 4245 1676 4304; x_wconf 87' lang='lat' dir='ltr'><strong>sche-</strong></span> 
     </span>
     <span class='ocr_line' id='line_1_38' title="bbox 1111 4342 1343 4422; baseline 0 -18"><span class='ocrx_word' id='word_1_373' title='bbox 1111 4346 1157 4406; x_wconf 90' lang='lat' dir='ltr'><strong>dis</strong></span> <span class='ocrx_word' id='word_1_374' title='bbox 1179 4347 1231 4422; x_wconf 88' lang='lat' dir='ltr'><strong>qui</strong></span> <span class='ocrx_word' id='word_1_375' title='bbox 1251 4342 1343 4405; x_wconf 84' lang='lat' dir='ltr'><strong>vidit&#39;.</strong></span> 
     </span>
     <span class='ocr_line' id='line_1_39' title="bbox 409 4442 1533 4523; baseline 0.004 -21"><span class='ocrx_word' id='word_1_376' title='bbox 409 4443 510 4516; x_wconf 81' lang='grc'>,563</span> <span class='ocrx_word' id='word_1_377' title='bbox 535 4467 572 4493; x_wconf 90' lang='lat'><strong>==</strong></span> <span class='ocrx_word' id='word_1_378' title='bbox 619 4487 634 4522; x_wconf 82' lang='lat'>„</span> <span class='ocrx_word' id='word_1_379' title='bbox 680 4445 718 4506; x_wconf 88' lang='grc'><strong>69</strong></span> <span class='ocrx_word' id='word_1_380' title='bbox 742 4473 780 4498; x_wconf 86' lang='lat'>=</span> <span class='ocrx_word' id='word_1_381' title='bbox 827 4490 842 4523; x_wconf 89' lang='lat'><strong>,‚</strong></span> <span class='ocrx_word' id='word_1_382' title='bbox 899 4447 968 4518; x_wconf 87' lang='grc'>946,</span> <span class='ocrx_word' id='word_1_383' title='bbox 991 4449 1010 4506; x_wconf 92' lang='grc'>4</span> <span class='ocrx_word' id='word_1_384' title='bbox 1031 4444 1257 4508; x_wconf 86' lang='lat' dir='ltr'><strong>‘Gutensteniua</strong></span> <span class='ocrx_word' id='word_1_385' title='bbox 1283 4466 1300 4505; x_wconf 89' lang='lat' dir='ltr'><strong>c</strong></span> <span class='ocrx_word' id='word_1_386' title='bbox 1322 4465 1378 4506; x_wconf 87' lang='lat' dir='ltr'><strong>ms.</strong></span> <span class='ocrx_word' id='word_1_387' title='bbox 1400 4442 1533 4506; x_wconf 84' lang='lat' dir='ltr'><strong>Metelli.</strong></span> 
     </span>
     <span class='ocr_line' id='line_1_40' title="bbox 411 4543 1676 4622; baseline 0.009 -23"><span class='ocrx_word' id='word_1_388' title='bbox 411 4543 572 4617; x_wconf 81' lang='lat'>„719=</span> <span class='ocrx_word' id='word_1_389' title='bbox 619 4587 634 4620; x_wconf 84' lang='lat'>„</span> <span class='ocrx_word' id='word_1_390' title='bbox 679 4543 780 4605; x_wconf 75' lang='lat'><strong><em>23‘=</em></strong></span> <span class='ocrx_word' id='word_1_391' title='bbox 825 4590 840 4620; x_wconf 88' lang='lat'>„</span> <span class='ocrx_word' id='word_1_392' title='bbox 898 4549 948 4622; x_wconf 84' lang='lat'><strong>35,</strong></span> <span class='ocrx_word' id='word_1_393' title='bbox 974 4550 1011 4608; x_wconf 94' lang='grc'><strong>10</strong></span> <span class='ocrx_word' id='word_1_394' title='bbox 1031 4546 1180 4608; x_wconf 83' lang='lat' dir='ltr'><strong>‘Metellus</strong></span> <span class='ocrx_word' id='word_1_395' title='bbox 1203 4548 1492 4608; x_wconf 89' lang='lat' dir='ltr'><strong>describebatcms.</strong></span> <span class='ocrx_word' id='word_1_396' title='bbox 1512 4549 1676 4610; x_wconf 79' lang='lat' dir='ltr'><strong>codoard.</strong></span> 
     </span>
     <span class='ocr_line' id='line_1_41' title="bbox 1112 4645 1294 4727; baseline 0 -19"><span class='ocrx_word' id='word_1_397' title='bbox 1112 4645 1294 4727; x_wconf 82' lang='lat' dir='ltr'><strong>Carpeusis’.</strong></span> 
     </span>
     <span class='ocr_line' id='line_1_42' title="bbox 410 4743 1679 4830; baseline 0.004 -26"><span class='ocrx_word' id='word_1_398' title='bbox 410 4743 572 4818; x_wconf 54' lang='lat' dir='ltr'><strong>„ast-a</strong></span> <span class='ocrx_word' id='word_1_399' title='bbox 618 4787 633 4822; x_wconf 87' lang='lat'><strong>‚,</strong></span> <span class='ocrx_word' id='word_1_400' title='bbox 680 4745 727 4807; x_wconf 91' lang='grc'><strong>60’</strong></span> <span class='ocrx_word' id='word_1_401' title='bbox 743 4775 780 4800; x_wconf 92' lang='lat'>=</span> <span class='ocrx_word' id='word_1_402' title='bbox 827 4791 842 4825; x_wconf 79' lang='lat'>„</span> <span class='ocrx_word' id='word_1_403' title='bbox 898 4749 969 4824; x_wconf 86' lang='grc'>936,</span> <span class='ocrx_word' id='word_1_404' title='bbox 995 4747 1180 4810; x_wconf 86' lang='lat' dir='ltr'><strong>l‘Metellus</strong></span> <span class='ocrx_word' id='word_1_405' title='bbox 1207 4771 1246 4810; x_wconf 88' lang='lat' dir='ltr'><strong>ex</strong></span> <span class='ocrx_word' id='word_1_406' title='bbox 1272 4751 1458 4810; x_wconf 76' lang='lat' dir='ltr'><strong>salutandi</strong></span> <span class='ocrx_word' id='word_1_407' title='bbox 1490 4750 1679 4830; x_wconf 81' lang='lat' dir='ltr'><strong>autographo</strong></span> 
     </span>
     <span class='ocr_line' id='line_1_43' title="bbox 1113 4848 1430 4929; baseline 0.006 -19"><span class='ocrx_word' id='word_1_408' title='bbox 1113 4853 1164 4929; x_wconf 89' lang='lat' dir='ltr'><strong>qui</strong></span> <span class='ocrx_word' id='word_1_409' title='bbox 1187 4852 1263 4912; x_wconf 90' lang='lat' dir='ltr'><strong>vidit</strong></span> <span class='ocrx_word' id='word_1_410' title='bbox 1285 4848 1430 4912; x_wconf 86' lang='lat' dir='ltr'><strong>describ.’.</strong></span> 
     </span>
    </p>
   </div>
   <div class='ocr_carea' id='block_1_6' title="bbox 347 4963 552 4974">
    <p class='ocr_par' dir='ltr' id='par_1_6' title="bbox 347 4963 552 4974">
     <span class='ocr_line' id='line_1_44' title="bbox 347 4963 552 4974; baseline 0.015 -3"><span class='ocrx_word' id='word_1_411' title='bbox 347 4963 552 4974; x_wconf 74' lang='lat' dir='ltr'>n—.—</span> 
     </span>
    </p>
   </div>
   <div class='ocr_carea' id='block_1_7' title="bbox 347 5064 1677 5226">
    <p class='ocr_par' dir='ltr' id='par_1_7' title="bbox 347 5064 1677 5226">
     <span class='ocr_line' id='line_1_45' title="bbox 443 5064 1677 5136; baseline 0.002 -18"><span class='ocrx_word' id='word_1_412' title='bbox 443 5064 466 5128; x_wconf 89' lang='lat'><strong>¹)</strong></span> <span class='ocrx_word' id='word_1_413' title='bbox 493 5067 535 5118; x_wconf 78' lang='lat' dir='ltr'><strong>Ex</strong></span> <span class='ocrx_word' id='word_1_414' title='bbox 558 5081 591 5117; x_wconf 85' lang='lat' dir='ltr'><strong>aa</strong></span> <span class='ocrx_word' id='word_1_415' title='bbox 613 5067 780 5118; x_wconf 84' lang='lat' dir='ltr'><strong>adnotatione</strong></span> <span class='ocrx_word' id='word_1_416' title='bbox 804 5081 870 5134; x_wconf 85' lang='lat' dir='ltr'><strong>quae</strong></span> <span class='ocrx_word' id='word_1_417' title='bbox 893 5069 957 5119; x_wconf 89' lang='lat' dir='ltr'><strong>olim</strong></span> <span class='ocrx_word' id='word_1_418' title='bbox 976 5070 1101 5135; x_wconf 85' lang='lat' dir='ltr'><strong>exscripsi</strong></span> <span class='ocrx_word' id='word_1_419' title='bbox 1119 5069 1228 5134; x_wconf 84' lang='lat' dir='ltr'><strong>Romae,</strong></span> <span class='ocrx_word' id='word_1_420' title='bbox 1253 5085 1312 5123; x_wconf 88' lang='lat' dir='ltr'><strong>cum</strong></span> <span class='ocrx_word' id='word_1_421' title='bbox 1335 5085 1368 5122; x_wconf 89' lang='lat' dir='ltr'><strong>ne</strong></span> <span class='ocrx_word' id='word_1_422' title='bbox 1389 5071 1468 5122; x_wconf 89' lang='lat' dir='ltr'><strong>hodia</strong></span> <span class='ocrx_word' id='word_1_423' title='bbox 1488 5069 1592 5136; x_wconf 77' lang='lat' dir='ltr'><strong>quidem</strong></span> <span class='ocrx_word' id='word_1_424' title='bbox 1611 5070 1677 5120; x_wconf 86' lang='lat' dir='ltr'><strong>lectu</strong></span> 
     </span>
     <span class='ocr_line' id='line_1_46' title="bbox 347 5157 944 5226; baseline 0.005 -19"><span class='ocrx_word' id='word_1_425' title='bbox 347 5157 454 5224; x_wconf 75' lang='lat' dir='ltr'><strong>indigna</strong></span> <span class='ocrx_word' id='word_1_426' title='bbox 472 5158 532 5222; x_wconf 90' lang='lat' dir='ltr'><strong>sint,</strong></span> <span class='ocrx_word' id='word_1_427' title='bbox 552 5160 613 5210; x_wconf 91' lang='lat' dir='ltr'><strong>dedi</strong></span> <span class='ocrx_word' id='word_1_428' title='bbox 631 5161 658 5212; x_wconf 90' lang='lat' dir='ltr'><strong>iu</strong></span> <span class='ocrx_word' id='word_1_429' title='bbox 677 5159 819 5226; x_wconf 87' lang='lat' dir='ltr'><strong>appendice</strong></span> <span class='ocrx_word' id='word_1_430' title='bbox 839 5159 874 5226; x_wconf 80' lang='lat' dir='ltr'><strong>(p.</strong></span> <span class='ocrx_word' id='word_1_431' title='bbox 891 5159 944 5222; x_wconf 80' lang='lat'>76).</span> 
     </span>
    </p>
   </div>
   <div class='ocr_carea' id='block_1_8' title="bbox 0 0 1949 5960">
    <p class='ocr_par' dir='ltr' id='par_1_8' title="bbox 0 0 1949 5960">
     <span class='ocr_line' id='line_1_47' title="bbox 0 0 1949 5960; baseline 0 0"><span class='ocrx_word' id='word_1_432' title='bbox 0 0 1949 5960; x_wconf 95' lang='lat' dir='ltr'><strong> </strong></span> 
     </span>
    </p>
   </div>
  </div>
 </body>
</html>
