3826 5962
408 717 410 722 ,
502 667 551 718 nu
570 665 750 719 uouemus
767 667 814 718 nr
832 665 1104 720 escunoormvs
1122 665 1228 718 enov.
1455 651 1528 726 203

288 839 317 898 6.
362 836 486 900 eruum
508 837 743 898 Nauaolunnsrs·
785 841 874 898 Anno
895 856 923 915 p.
944 835 1016 898 (ihr.
1040 839 1075 898 ll
1106 838 1191 916 plebs
1213 838 1421 900 Narbonensis
1447 859 1530 902 aram

204 939 319 1000 numini
340 939 472 1018 Augusti
497 939 646 998 dedicauit
672 937 783 1015 (Orelli
806 936 917 1016 2489);
944 959 1005 1000 non
1031 938 1127 998 multo
1148 951 1219 1017 post
1239 941 1411 1018 prouinciae
1434 959 1533 1002 saeer-

204 1039 319 1100 dotium
345 1041 513 1100 institutum
540 1049 601 1112 est,
629 1039 666 1098 de
695 1058 756 1116 quo
783 1039 926 1099 disseruit
950 1039 1072 1116 Herzog
1100 1038 1179 1100 Gall.
1201 1041 1296 1100 Nurb.
1324 1041 1387 1101 list.
1415 1061 1445 1119 p.
1461 1041 1533 1104 255.

205 1139 384 1202 Sacerdotes
414 1141 593 1200 creabantur
617 1159 657 1199 ex
685 1141 779 1200 variis
804 1141 987 1213 ciuitatibus3
1020 1142 1209 1218 reperiuntur
1237 1141 1315 1201 enim
1342 1141 1407 1202 Seu.
1436 1144 1532 1204 Attius

94 1297 97 1302 .
203 1241 333 1319 Sanfil.
357 1239 837 1318 Von.(or)nnus1⁷nns(ennr),
863 1241 964 1300 omnib.
986 1241 1112 1300 bonorib.
1134 1245 1283 1319 inpetriri
1304 1245 1463 1320 suumne(
1509 1244 1534 1320 ),

202 1344 279 1412 dam.
298 1361 382 1420 pron.
405 1343 500 1402 Narb.
523 1342 659 1421 (Herzog
674 1343 760 1420 App.
783 1361 813 1402 n.
828 1341 919 1418 501);
941 1341 1048 1403 deinde
1070 1342 1129 1402 dno
1151 1342 1377 1404 Nemausenses
1400 1345 1534 1415 Q.-Solo·

204 1446 271 1504 nius
293 1477 332 1488 -
354 1443 508 1504 Severinum
532 1477 570 1488 -
593 1459 664 1520 equo
686 1443 803 1519 publico
826 1475 864 1486 -
887 1477 925 1488 -
941 1445 1047 1519 flumen
1065 1449 1233 1520 provinciae
1254 1445 1452 1506 Narbonensis
1474 1446 1532 1521 (ib.

208 1542 296 1620 106);
324 1542 378 1619 (L.
400 1543 558 1619 Sun)mius
584 1575 623 1588 -
645 1575 687 1586 -
709 1575 749 1586 -
771 1561 814 1620 sq.
836 1544 920 1621 publ.
949 1543 1083 1620 (baben)s
1106 1577 1144 1590 -
1167 1577 1208 1589 -·
1226 1547 1308 1620 flam.
1337 1545 1535 1620 (prominens

207 1642 372 1704 Narbonsn.
396 1645 449 1720 (ib.
469 1644 552 1721 107).

290 1743 338 1804 De
371 1744 488 1806 duabus
521 1755 619 1804 autem
651 1745 899 1824 inscriptionibus
931 1763 1036 1823 parum
1069 1755 1147 1804 recte
1178 1745 1350 1824 Herzogius
1382 1745 1535 1806 iudicauit.

211 1843 317 1906 Altera
343 1856 390 1906 est
416 1865 445 1906 n.
463 1846 496 1905 7:
522 1845 573 1904 Es
598 1849 666 1922 imp.
693 1845 778 1912 MD.
806 1848 998 1924 muropob'um
1020 1850 1186 1921 prouincias
1209 1845 1406 1919 Narbonensis
1424 1850 1537 1922 sactum

206 1965 260 2022 per
282 1947 314 2007 0.
336 1947 500 2018 Balesium,
520 1951 646 2022 primam
659 1949 805 2022 flaminem
826 1946 905 2023 Aug.
923 1965 980 2022 pso
1001 1947 1093 2008 solnta
1115 1949 1292 2005 dominorum
1312 1950 1379 2022 imp.
1402 1945 1440 2006 L.
1465 1947 1536 2023 Sep-

208 2051 268 2107 timi
290 2047 388 2107 Seueri
414 2081 453 2092 -
476 2083 514 2093 -—
543 2058 569 2106 et
590 2047 634 2106 lt.
658 2048 759 2106 Aarsl.
782 2047 852 2106 Ant.
874 2048 951 2124 Anp.
974 2089 1039 2116 ...,
1066 2047 1099 2106 in
1123 2063 1184 2122 que
1207 2065 1268 2106 non
1289 2047 1405 2122 primus
1428 2049 1536 2108 flumen

207 2148 391 2226 appelletur,
425 2149 479 2206 sed
509 2148 539 2208 0.
567 2149 711 2206 Batonius
739 2147 853 2208 Primus
882 2147 1061 2208 nominatur.
1112 2147 1229 2208 Priscus
1262 2148 1341 2208 enim
1373 2165 1537 2228 cognomen

207 2249 332 2326 vulgare
364 2258 420 2308 est.
471 2247 507 2307 V.
534 2249 701 2310 Mommsen
729 2247 752 2306 l.
778 2247 815 2306 R.
840 2247 880 2308 N.
907 2246 998 2308 2261.
1026 2247 1130 2324 2383,
1162 2259 1193 2308 et
1222 2249 1255 2310 in
1285 2249 1383 2310 iudice
1415 2267 1444 2326 p.
1467 2248 1538 2310 452.

208 2349 316 2408 Altera
343 2367 410 2407 eum
438 2355 518 2407 recte
546 2347 696 2424 descripte
722 2358 803 2410 esset
830 2367 849 2406 a
881 2347 1044 2410 Pittakisio
1067 2345 1151 2425 'spu
1179 2341 1268 2410 Arci.
1297 2370 1326 2428 p.
1352 2352 1408 2410 lll
1437 2371 1466 2410 n.
1490 2350 1539 2424 59,

208 2467 268 2508 uon
295 2457 374 2508 recte
401 2449 482 2508 edita
506 2458 553 2508 est
579 2467 598 2508 a
625 2446 659 2508 0.
682 2448 754 2510 Keil
779 2447 887 2511 Sched.
909 2450 1014 2528 Epigr.
1035 2469 1065 2528 p.
1082 2451 1132 2510 41.
1174 2449 1298 2526 Herzog
1318 2448 1433 2510 11267.
1483 2451 1541 2510 Est

208 2558 306 2610 autem
334 2551 421 2610 haec:
448 2547 483 2606 ‘ll
509 2544 558 2630 [ἐξ
583 2543 707 2633 Ἀρο]νόν
733 2541 832 2628 πάγου
859 2541 956 2622 βουλὴ
984 2539 1033 2607 nni
1059 2547 1076 2619 si
1102 2541 1199 2619 βουλὴ
1227 2549 1281 2606 τῶν
1308 2543 1465 2629 ἑξακοσίων
1492 2542 1540 2610 ucri

208 2647 221 2709 i
248 2647 335 2722 δῆμος
362 2643 561 2720 ui’ASnvnimu
582 2641 697 2710 Κόϊντον
718 2642 890 2734 Τροβῧλοον
909 2647 1030 2726 ΙΙὶοίῖφον
1052 2640 1169 2708 Κοΐντου
1196 2643 1269 2716 viia,
1295 2645 1464 2732 Λαμπτρέα,
1489 2645 1541 2732 cip:

208 2742 309 2835 pguspin
336 2751 439 2835 πρῶτον
460 2744 621 2834 ἕπορχεοάο
641 2753 692 2820 τῆς
714 2751 745 2808 ιὀο
766 2742 922 2832 Nngssuiuoe
941 2741 991 2808 sni
1012 2741 1121 2808 timoren
1143 2743 1330 2818 Κοννοῖνηνοιν
1351 2748 1430 2832 inpuid
1452 2741 1540 2820 δήμου

207 2845 349 2920 Ῥωμαίων
373 2843 422 2910 nni
448 2843 557 2910 mnsam
581 2853 688 2916 τοομοιῖς
716 2849 744 2908 iv
772 2851 808 2930 τῇ
836 2844 947 2932 πατρίδι
975 2841 1095 2926 Τολωόῃ
1122 2839 1309 2920 τοτεομημῖνον
1334 2840 1383 2908 nni
1409 2842 1541 2932 ἄρχοντα

210 2945 352 3022 ἐπώνυμον
374 2951 402 3010 ἕν
421 2941 566 3021 Ἀθήναις
586 2941 635 3009 nui
657 2941 730 3034 iupis
751 2941 878 3032 Δρούσου
900 2939 1009 3008 rinuircu
1030 2973 1058 3010 κ.
1073 2972 1099 3008 τ.
1114 2957 1142 3008 λ.
1185 2949 1291 3012 Insunt
1317 2952 1348 3010 in
1374 2951 1431 3010 hoc
1453 2951 1541 3024 titulo

211 3053 377 3132 singularia
403 3051 564 3130 quaedam,
592 3051 720 3129 primum
745 3045 762 3122 si
791 3047 823 3108 iu
842 3041 999 3135 Ναρθνῖνοο
1024 3043 1186 3134 inumeris,
1212 3069 1290 3128 quae
1315 3051 1405 3128 uulgo
1433 3051 1542 3116 dieitur

209 3147 385 3238 Νορβωνῒοιο
412 3153 461 3213 vel
488 3143 697 3236 Ναρβννηονά,
730 3152 778 3210 hie
807 3169 879 3210 vero
906 3151 1074 3229 appellatur
1101 3151 1207 3211 eodem
1234 3151 1341 3226 modo,
1374 3169 1437 3228 quo
1461 3149 1478 3220 s‘
1507 3147 1542 3232 ἐξ

207 3247 317 3340 'Aptius
339 3245 437 3332 πάγου
459 3245 555 3324 βουλὴ
579 3252 627 3312 vel
649 3253 673 3310 oi
694 3251 726 3310 in
749 3243 927 3311 Μοκοδοννόο
946 3243 1084 3324 [insulsis
1106 3252 1413 3329 (Polyb.12,40,5);'
1435 3253 1541 3312 deinde

209 3347 318 3418 inesse
341 3331 528 3427 Keavnbpirr
549 3355 568 3414 i.
585 3375 610 3416 e.
633 3371 757 3416 sumnus
783 3354 980 3426 Oaminensis,
1006 3353 1058 3429 qui
1080 3370 1252 3430 quenquam
1273 3354 1305 3416 iu
1325 3353 1442 3429 paucis,
1464 3372 1540 3431 quae

210 3463 347 3530 exstant,
373 3457 560 3517 sacerdotum
584 3453 816 3516 Caeninensium
838 3453 1086 3531 inscriptionibus
1113 3455 1156 3532 (v.
1178 3453 1303 3529 Henren
1324 3453 1437 3512 Annali
1461 3452 1539 3515 1852

210 3577 240 3636 p.
256 3557 311 3634 91)
333 3575 393 3614 non
413 3557 575 3627 iuvenitur,
598 3567 696 3616 tamen
719 3574 779 3615 non
801 3556 900 3616 minus
921 3565 1002 3628 recte
1023 3573 1056 3617 se
1078 3555 1189 3617 babere
1203 3553 1332 3625 videtur,
1354 3571 1445 3630 quam
1467 3573 1541 3613 enm-

210 3677 272 3718 mnu
301 3657 445 3734 laruapcs
474 3656 553 3733 (Cic.
576 3657 612 3716 de
633 3656 692 3716 div.
717 3655 745 3728 l,
762 3655 812 3724 24,
828 3656 897 3732 55),
924 3673 1049 3718 sumnus
1075 3657 1222 3727 sacerdos,
1252 3671 1376 3714 sumnus
1397 3659 1540 3731 pontifex,

212 3775 336 3818 summus
362 3761 497 3833 magister
523 3765 554 3816 et
579 3775 656 3832 quac
681 3757 772 3815 huius
799 3759 918 3834 generis
946 3757 1036 3834 plura
1061 3753 1184 3830 collegit
1207 3755 1318 3814 Marini
1344 3749 1417 3826 Aru.
1444 3775 1474 3833 p.
1491 3757 1540 3818 55.

212 3857 293 3918 Nm
320 3855 400 3933 quoti
422 3855 542 3915 Keilius
570 3864 600 3914 ei
620 3856 789 3934 Herzogius
811 3858 996 3934 scripserunt
1018 3847 1125 3914 sisaran
1148 3843 1226 3930 [nai]
1248 3846 1446 3923 Καονώηνοτον,
1466 3847 1541 3915 ¹Tre·

213 3959 397 4034 belliumqna
418 3955 571 4016 consulem
593 3956 623 4014 in
644 3956 732 4018 iestis
751 3958 977 4032 quaesiverunt,
1004 3973 1064 4014 nou
1086 3951 1373 4026 animadverterunt,
1396 3953 1539 4014 Trebellii

212 4077 331 4120 cursum
358 4058 505 4117 honorum
532 4075 592 4116 non
614 4074 681 4116 esse
703 4057 836 4116 consulis
857 4067 887 4116 et
909 4057 1080 4126 sacerdotes
1101 4051 1304 4130 provinciales
1326 4069 1365 4110 ex
1386 4053 1423 4112 iis
1445 4055 1541 4113 bomi-

211 4161 300 4220 nibus
322 4159 431 4231 oreari‚
457 4159 509 4234 qui
531 4155 562 4216 in
584 4175 639 4218 sua
660 4157 781 4218 civitate
802 4159 944 4218 omnibus
962 4155 1127 4214 bonoribus
1148 4151 1380 4226 iuncti'eesent,
1407 4155 1439 4214 id
1460 4157 1541 4232 qnod

211 4261 398 4322 Trebellium
424 4277 544 4335 quoque
569 4259 678 4318 iecisse
702 4259 806 4330 titulus
828 4260 924 4332 docet.
968 4255 1058 4330 Quod
1079 4271 1150 4314 uero
1171 4253 1286 4332 primus
1308 4253 1450 4314 sacerdos
1472 4275 1541 4333 pro·

212 4363 328 4422 vinciae
354 4360 533 4440 appellatur,
559 4361 591 4419 id
617 4360 654 4420 ad
681 4370 797 4436 tempus
824 4359 920 4417 resero
947 4354 1311 4431 (el.111,1051.1083.
1335 4353 1446 4434 2733);
1473 4377 1542 4417 cum

211 4465 290 4524 enim
306 4462 401 4522 Drusi
423 4461 556 4520 consulis
578 4461 719 4520 sacerdos
741 4467 847 4536 postea
867 4457 967 4530 fuerit,
989 4454 1104 4516 Tiberii
1125 4464 1223 4516 aetate
1238 4457 1353 4518 vixisse
1374 4459 1541 4522 censendus

212 4575 266 4625 est.
303 4561 444 4622 Ceterum
466 4562 497 4620 id
517 4579 637 4638 quoque
659 4559 852 4618 memorabile
873 4567 930 4630 eet,
951 4556 1032 4632 quod
1051 4541 1222 4617 Trebellius
1244 4565 1351 4618 exacto
1373 4561 1541 4621 sacerdotio

212 4665 349 4724 Athenas
370 4662 520 4740 migravit,
543 4659 620 4719 unde
641 4659 820 4736 intelligitur
841 4677 879 4717 ue
893 4656 1100 4718 Narbonensis
1121 4658 1241 4736 quidem
1256 4657 1429 4736 provinciae
1444 4679 1542 4723 sacer·

213 4764 329 4822 dotium
350 4764 443 4824 fuisse
463 4769 650 4840 perpetuum.
688 4761 691 4766 '

298 4863 326 4920 7.
370 4863 456 4923 Tus
480 4861 626 4922 Gsblm
649 4859 729 4936 (Liv.
753 4857 1304 4938 ep.1tt;.Plin.N.H.4§105),
1330 4879 1405 4938 quas
1428 4861 1542 4923 Caesar

213 4963 337 5042 imperio
358 4961 495 5021 Romano
516 4960 684 5033 addiderat,
705 4961 725 5019 i.
741 4979 766 5022 e.
789 4958 1013 5037 Lugdunensis,
1034 4961 1207 5038 Aquitania,
1230 4961 1364 5040 Belgica,
1386 4981 1482 5040 usque
1499 4966 1542 5024 ad

213 5063 327 5125 Tiberii
349 5070 475 5123 aetatem
496 5065 534 5122 ab
555 5079 616 5122 unu
637 5061 736 5140 legato
750 5061 884 5138 Augusti
906 5059 1192 5136 administrabantur
1205 5061 1455 5141 continenturque
1471 5065 1542 5124 civi-

214 5172 290 5225 tates
314 5163 472 5242 sexaginta
491 5171 632 5240 quattuor
653 5161 742 5240 (Tac.
764 5179 833 5224 ann.
850 5163 879 5236 3,
894 5164 949 5236 443
972 5159 1056 5226 serv.
1080 5162 1119 5222 sd
1132 5161 1224 5242 Verg.
1242 5166 1324 5239 Aen..
1338 5167 1365 5238 1,
1381 5163 1456 5242 285)
1479 5167 1542 5226 sive

1281 5267 1340 5326 14·
