3750 5990
516 565 813 621 onsuuvsnouus
830 565 950 620 neren.
969 566 1031 617 xv.
1362 553 1435 628 293

115 740 196 818 quod
217 740 363 800 eiusmodi
389 739 480 817 legati
501 738 691 798 nominantur
712 739 749 797 ab
771 755 808 796 eo
828 735 1022 813 magistratu,
1048 735 1100 812 qui
1124 743 1245 796 senatus
1269 743 1438 804 consultum

117 841 146 900 id
169 859 230 918 quo
250 840 397 900 nominari
417 839 555 899 iubentur
575 839 655 912 fecit,
676 838 712 897 lit
732 857 771 896 ex
785 836 999 897 consuetudine
1012 835 1150 898 Romana
1169 835 1249 911 (Liv.
1264 839 1315 912 43,
1333 843 1360 916 l,
1378 845 1439 920 10).

199 941 372 1001 Posteriora
397 948 521 1000 senatus
543 939 682 998 consulto
709 939 801 997 rerba
824 937 1002 996 facientibus
1029 935 1134 996 iisdem
1161 935 1321 1000 Thisbueis
1345 945 1440 1018 partis

116 1041 271 1100 Romanae
290 1041 421 1117 quinque
442 1039 515 1099 viris
535 1039 584 1111 iis,
605 1055 683 1115 quos
703 1038 822 1096 interim
844 1055 864 1095 a
876 1044 1014 1114 praetore
1035 1037 1204 1096 nominatos
1225 1053 1296 1097 esse
1315 1057 1442 1103 consen·
1478 1039 1486 1054 '

117 1149 237 1200 taneum
259 1147 320 1213 est,
347 1159 366 1198 a
386 1148 492 1198 senatu
512 1138 741 1218 praescribitur,
767 1137 839 1214 quid
867 1137 898 1196 in
918 1138 1008 1196 rebus
1029 1136 1248 1196 Thisbaeorum
1270 1140 1442 1204 ordinandis

117 1241 204 1316 sequi
218 1257 270 1300 eos
286 1247 431 1316 oporteat.
463 1239 505 1297 Et
518 1238 556 1297 de
576 1239 673 1316 capite
686 1238 783 1314 primo
805 1237 849 1312 (v.
867 1235 1002 1312 17-20)
1023 1254 1125 1294 verum
1139 1235 1215 1295 vidit
1235 1237 1296 1296 iam
1310 1239 1443 1302 Foucar·

117 1348 177 1399 tus.
220 1339 439 1400 Thisbaeorum
460 1358 532 1418 ager
547 1356 615 1396 cum
632 1357 686 1414 per
700 1337 880 1396 deditionem
894 1337 1098 1396 Romanorum
1118 1336 1216 1396 lactus
1238 1347 1320 1396 esset
1339 1357 1442 1402 secuu-

117 1439 189 1498 dum
210 1447 312 1499 notam
333 1440 492 1498 formulam
519 1437 601 1514 (Liv.
625 1438 652 1508 1,
673 1437 723 1511 38,
742 1435 789 1513 2):
819 1439 957 1497 deditisne
983 1454 1033 1496 uos
1055 1437 1249 1512 populumque
1271 1437 1444 1503 Collatinum

118 1541 216 1599 urbem
228 1555 316 1616 apros
330 1558 436 1615 uquam
451 1541 583 1598 taurinos
604 1538 724 1596 delubro
737 1538 871 1597 manullo
884 1538 983 1596 diuino
1000 1536 1176 1612 humanoque
1190 1541 1284 1596 omnio
1304 1542 1335 1598 iu
1355 1560 1445 1602 mcum

115 1641 275 1717 populique
299 1639 425 1698 Romani
455 1639 609 1698 dicionem!
633 1631 796 1696 Dedimus.
839 1635 881 1695 Ar
910 1654 960 1712 eqo
991 1639 1113 1712 recipio,
1146 1635 1208 1710 vel,
1233 1645 1267 1697 ut
1292 1649 1339 1699 cst
1364 1643 1445 1720 apud

119 1741 280 1818 Polybium
303 1739 352 1811 36,
374 1739 393 1797 4
416 1737 475 1815 [2]:
497 1729 599 1820 χώραν
680 1727 728 1794 καὶ
749 1727 846 1796 πέλεις
944 1724 1051 1818 ἄνδρας
1063 1725 1111 1792 καὶ
1128 1739 1269 1811 γυναῖκας
1353 1764 1446 1798 ποτα-

118 1834 189 1908 μοιὶς
209 1830 323 1906 λιμένας
342 1833 402 1920 lepti
422 1833 546 1915 τάφους,
567 1837 627 1896 iam
649 1837 778 1914 ageriis
792 1836 935 1908 redditur,
957 1835 1094 1894 similiter
1112 1843 1201 1912 atque
1215 1837 1446 1902 Plarasansibus

118 1948 150 1999 et
163 1939 447 2016 Aphrodisiensibus
468 1939 650 2010 conceditur,
671 1929 744 1998 ὅπως
763 1934 780 2006 ἦ
796 1927 878 1998 elur
891 1926 939 1992 uui
961 1934 985 1993 oi
999 1936 1126 1992 πολεῖται
1210 1939 1312 2004 κωμιῒν
1333 1937 1447 2024 χωρίων

119 2035 315 2124 ὄχυρωμάτων
336 2033 404 2122 ὅρων
426 2028 569 2121 προσέδων
593 2033 663 2120 reple
683 2031 732 2108 τὴν
753 2028 852 2112 φιλίαν
871 2025 904 2092 td
926 2032 986 2118 [ἐφ’
1007 2033 1086 2114 ἧμ]ῒν
1106 2037 1247 2120 κρατῶσιν
1271 2036 1322 2113 (G.
1343 2039 1369 2098 Ι.
1392 2039 1446 2101 Gr.

122 2138 228 2215 2737).
270 2139 418 2198 Redditur
443 2143 544 2197 autem
569 2155 641 2214 ager
666 2139 724 2210 ita,
751 2143 783 2196 ut
808 2136 918 2194 habere
939 2135 1044 2208 liceat,
1071 2153 1130 2194 non
1158 2145 1314 2196 uteorum
1336 2142 1390 2213 sit,
1416 2143 1449 2202 id

121 2249 170 2300 est
189 2239 246 2298 hoc
267 2239 428 2298 Thisbaeis
450 2238 599 2310 tribuitur,
620 2244 778 2314 ntegrum
800 2255 889 2312 quem
911 2243 980 2294 ante
1001 2235 1113 2295 bellum
1132 2236 1318 2314 habuissent,
1340 2249 1449 2316 postea

120 2357 241 2416 qnoque
271 2338 415 2398 haberent
444 2356 505 2396 non
536 2339 724 2397 dominorum
760 2335 844 2407 loco,
877 2335 932 2395 sed
967 2351 1196 2411 possessorum
1234 2355 1330 2414 neque
1361 2340 1449 2400 liber·

121 2446 214 2499 tatem
239 2439 398 2515 accipiunt,
428 2438 483 2498 sed
507 2437 684 2515 rediguntur
707 2436 785 2495 inte'r
808 2435 946 2494 civitates
971 2435 1179 2512 stipendiarias
1207 2435 1249 2512 (v.
1274 2438 1452 2514 Marquardt

122 2539 234 2598 enchir.
250 2538 279 2609 3,
296 2539 323 2610 1,
341 2537 425 2614 265).
440 2570 482 2582 -
503 2538 581 2596 Tam
603 2533 781 2614 [rr]ur[r]oiv
801 2552 893 2610 quam
915 2525 1088 2613 [λι]μέ[ν]ων
1108 2531 1274 2595 Foocartus
1294 2540 1453 2614 proposuit

122 2639 181 2696 hoo
201 2636 389 2712 praeferens,
416 2636 496 2712 quod
517 2637 615 2711 capita
637 2644 780 2710 sequente
801 2645 908 2712 agatur
932 2634 968 2692 dc
989 2631 1126 2708 templis3
1154 2639 1186 2691 at
1206 2649 1242 2690 eo
1264 2635 1363 2710 capite
1383 2655 1451 2696 oum

123 2742 231 2812 agatur
248 2735 286 2792 de
307 2733 499 2805 sacerdotiis,
525 2734 574 2792 hic
595 2733 720 2792 delubra
739 2733 836 2792 omitti
856 2739 1023 2807 nequeunt,
1050 2749 1118 2790 oum
1139 2733 1221 2808 quod
1241 2733 1350 2794 meunt
1371 2737 1452 2814 apud

123 2835 244 2896 Livium
266 2841 296 2892 et
313 2832 484 2910 Polybium,
506 2841 570 2892 tum
591 2832 671 2910 quod
691 2834 759 2910 ipsa
778 2849 827 2890 res
848 2831 984 2906 requirit,
1006 2837 1040 2888 ut
1060 2831 1232 2891 universum
1253 2833 1351 2906 solum
1372 2837 1453 2912 quod

124 2935 183 2994 fnit
209 2919 314 3011 populi
342 2949 409 2992 sese
435 2931 569 2991 dedentis
596 2941 658 2991 tam
685 2949 804 2990 sacrum
830 2947 920 3006 quam
946 2931 1105 3007 profanum
1131 2932 1238 2992 victori
1262 2934 1366 3011 populi
1385 2953 1454 3011 per·

124 3037 268 3094 mittatur.
312 3031 414 3106 Quare
441 3049 622 3109 quamquam
648 3031 736 3088 etiam
758 3035 862 3107 portus
882 3037 962 3088 recte
988 3029 1036 3088 hio
1056 3029 1155 3090 locum
1175 3031 1287 3091 babere
1306 3035 1404 3110 potuit
1425 3042 1455 3094 et

124 3133 253 3210 pluralis
266 3133 397 3192 fortusse
418 3132 565 3204 excusari,
586 3130 680 3192 malui
694 3129 793 3188 locum
814 3128 886 3200 dure
907 3130 1049 3205 antiquae
1071 3135 1101 3188 ct
1114 3130 1278 3191 tralaticiae
1298 3133 1453 3195 formulae.

125 3223 265 3317 npo’rodrr
286 3232 399 3293 reditus
421 3239 505 3303 sunt,
533 3249 610 3308 quos
631 3231 761 3309 populus
783 3247 848 3289 sese
869 3228 981 3289 dedens
1002 3245 1041 3288 ex
1064 3229 1132 3290 solo
1153 3249 1213 3290 uon
1235 3249 1291 3292 suo
1312 3235 1455 3312 percepit,

118 3313 160 3394 ‘ut
179 3341 254 3410 puta
273 3334 385 3392 tributa
405 3350 512 3410 regum
538 3331 584 3390 val
610 3331 789 3408 populorum
814 3329 876 3405 ipsi
902 3329 1098 3388 subditorum.
1140 3320 1226 3412 “Opta
1251 3332 1300 3390 vel
1326 3325 1384 3416 iqua
1410 3335 1456 3410 (id

130 3435 208 3494 enirn
229 3433 443 3494 restituendum
463 3449 530 3493 esse
552 3449 644 3511 supra
661 3449 691 3508 p.
705 3429 764 3491 286
780 3427 840 3490 nl
856 3428 998 3504 vidimus)
1018 3428 1200 3506 respondent
1216 3431 1352 3493 terminis
1365 3431 1457 3508 Livii,

128 3527 200 3616 ὅροις
220 3533 314 3592 titulis
336 3534 425 3590 modo
446 3533 539 3590 citati.
1095 3525 1096 3528 ’

210 3631 317 3710 Capite
344 3629 475 3692 secundo
502 3630 543 3704 (v.
572 3627 721 3704 20-24)
748 3635 869 3687 cavetur
897 3629 934 3689 de
959 3631 1183 3707 magistratibus
1212 3639 1243 3692 et
1270 3635 1457 3708 sacerdotiis,

128 3733 200 3791 item
226 3731 264 3788 de
289 3731 489 3807 vectigalibus
514 3729 643 3804 publicis
669 3725 921 3786 administrandis.
969 3728 1013 3788 Ut
1044 3748 1081 3788 ea
1106 3732 1208 3788 omnia
1234 3732 1266 3789 in
1294 3749 1350 3791 suo
1377 3743 1458 3794 statu

128 3835 279 3901 maneant,
299 3828 332 3886 id
353 3835 452 3886 estut
473 3843 543 3886 suas
564 3827 646 3902 leges
669 3825 814 3886 Thisbaei
835 3827 992 3900 retineant,
1013 3845 1073 3885 non
1093 3836 1155 3887 tum
1176 3832 1347 3890 enuntiatur
1367 3850 1458 3908 quam
1571 3859 1578 3876 ι

129 3930 220 3990 tacite
241 3927 408 3988 admittitur
422 3926 596 3985 condicione
614 3925 766 4000 imposita,
787 3933 820 3986 ut
838 3945 892 4002 per
911 3925 1012 3986 decem
1032 3945 1129 3986 anuos
1142 3929 1299 4003 proximos
1313 3931 1459 3991 Thisbaei
1574 3951 1584 3968 ·

129 4031 151 4090 ii
174 4028 242 4100 soli,
267 4027 410 4104 quiante
432 4026 685 4104 oppugnationem
711 4025 816 4102 oppidi
840 4027 878 4085 sd
898 4025 1054 4086 Romanos
1075 4027 1288 4101 descivissent,
1313 4029 1346 4088 in
1366 4031 1458 4090 rebus

131 4138 161 4188 et
186 4127 385 4204 vectigalibus
412 4125 541 4204 publicis
568 4124 813 4184 administrandis
838 4131 1009 4197 versantur,
1040 4127 1148 4204 reliqui
1174 4145 1229 4186 nec
1253 4128 1382 4190 honores
1409 4149 1459 4190 oa·

130 4236 258 4306 pessunt
278 4245 333 4286 nec
353 4227 490 4302 publicos
512 4226 625 4286 reditus
645 4232 780 4285 tractent.
811 4223 896 4284 Haec
917 4243 1015 4302 poena
1036 4235 1081 4286 ast
1101 4237 1189 4286 extra
1209 4227 1344 4288 ordinem
1365 4231 1458 4290 sociis

130 4326 347 4387 Haliartiorum
368 4335 399 4386 et
420 4325 643 4386 Coronaeorum
663 4325 817 4404 imposita3
843 4324 919 4384 illud
940 4334 1039 4384 autem
1060 4326 1150 4385 etiam
1171 4327 1210 4384 ud
1230 4329 1364 4405 reliquas
1384 4330 1459 4390 civi-

132 4437 210 4488 tates
237 4424 447 4504 stipendiarias
474 4425 592 4486 videtur
616 4426 779 4503 pertinere,
812 4425 893 4502 quod
917 4425 1024 4484 iisdem
1052 4442 1125 4485 suae
1150 4427 1233 4503 leges
1260 4445 1321 4488 non
1347 4429 1459 4490 diserta

131 4527 303 4599 reddantur,
329 4524 384 4584 sed
403 4525 551 4603 precario,
576 4544 633 4584 nec
657 4544 727 4586 raro
745 4525 875 4594 fortasse
899 4526 931 4584 in
953 4533 1069 4604 tempus
1096 4533 1220 4600 tautrnn,
1242 4527 1458 4605 relinquantur.

132 4625 239 4704 Neque
265 4625 345 4685 enim
370 4642 406 4683 ec
433 4623 575 4684 differunt
599 4624 735 4685 civitates
757 4625 970 4702 stipendiariae
992 4645 1011 4684 a
1030 4626 1147 4700 liberis,
1173 4627 1254 4702 qnod
1282 4644 1353 4688 suus
1374 4631 1458 4708 leges

133 4726 204 4785 illae
228 4743 289 4784 non
309 4725 421 4784 habent
446 4725 490 4802 (ι.
511 4724 687 4801 Murquardt
710 4725 732 4783 l.
754 4724 810 4800 c.)‚
838 4725 892 4784 sed
917 4725 998 4800 quod
1023 4726 1070 4784 his
1096 4725 1123 4784 si
1147 4727 1302 4805 mariage
1327 4730 1458 4805 publica,

134 4831 215 4885 certe
240 4833 362 4884 senatus
388 4825 524 4886 consulto
551 4825 780 4897 confirmantur,
803 4824 865 4884 illis
890 4825 934 4884 ita
958 4825 1182 4904 relinquuntur,
1209 4833 1243 4886 ut
1268 4827 1395 4886 liberum
1419 4828 1460 4886 sit

135 4922 254 4985 senatui
273 4939 326 4982 eas
347 4942 414 4983 cum
435 4925 509 4985 velit
527 4925 566 4985 iis
588 4925 728 4985 adimere.
1331 4925 1333 4929 ’

217 5021 318 5098 Oaput
337 5025 456 5084 tertium
479 5026 520 5102 (v.
544 5025 682 5102 25—27)
703 5027 783 5085 bona
802 5027 922 5100 privata
943 5025 985 5084 ita
1005 5025 1169 5098 coufirmat,
1195 5035 1228 5084 ut
1248 5034 1367 5086 maneat
1387 5028 1458 5087 item

138 5123 317 5198 stipendium
340 5133 427 5184 antea
452 5127 490 5186 iis
516 5126 697 5205 impositum.
740 5125 838 5186 Aliter
865 5125 943 5186 enim
969 5125 1061 5185 verba
1085 5143 1105 5185 a
1125 5125 1275 5186 Foucarto
1300 5144 1359 5187 non
1379 5137 1458 5188 recte

1215 5225 1252 5286 21
