3826 5962
422 605 495 678 236
871 665 872 668 .
1012 613 1157 670 tonnus

422 795 506 853 aedis
533 797 664 852 mutatus
690 792 730 849 sit
755 789 874 848 natalis.
916 795 947 848 et
971 789 1030 846 iam
1056 787 1210 846 66616666
1236 785 1276 844 66
1297 784 1437 861 exempla
1457 783 1598 859 ambigua
1620 815 1659 826 -
1687 801 1764 840 nam

422 903 504 955 66666
525 911 585 952 666
607 899 712 951 extant
732 889 904 949 mutationis
924 889 1007 948 illius
1023 920 1062 932 -
1084 906 1164 964 6666
1185 887 1345 946 admodum
1366 903 1462 962 panon
1482 893 1561 942 suut.
1598 883 1637 942 ab
1659 882 1765 941 altera

421 1003 508 1072 parte
538 993 629 1070 igitur
661 991 845 1068 Capitolium
877 998 981 1067 quater
1013 989 1180 1048 dedicatum
1216 1007 1244 1046 6.
1265 1009 1299 1048 ,6.
1329 985 1399 1045 247.
1428 985 1488 1044 685
1521 1004 1551 1061 6.
1574 981 1610 1043 C.
1634 983 1689 1042 70.
1721 982 1763 1042 82

425 1094 554 1154 natalem
576 1112 663 1152 suum
684 1095 736 1170 qui
756 1093 813 1150 1616
834 1089 916 1167 Sept
935 1091 971 1149 13
995 1101 1127 1149 6666666
1149 1097 1309 1164 antequam
1331 1085 1535 1163 hemerologio
1556 1085 1766 1144 scriberentur
1859 1111 1860 1122 ¹

424 1195 528 1272 negari
549 1201 658 1270 potest,
679 1203 751 1270 post
764 1192 895 1271 Augusti
916 1201 1042 1250 6666666
1064 1198 1198 1250 mutasse
1219 1197 1299 1248 66666
1319 1189 1404 1247 66116
1426 1189 1603 1246 documento
1623 1186 1765 1263 probari.

424 1295 503 1355 idem
524 1296 605 1354 velet
625 1296 662 1354 de
683 1294 757 1353 aede
779 1293 915 1354 06666616
937 1293 1097 1368 quinquies
1119 1291 1257 1350 66616666
1277 1307 1305 1348 6.
1323 1288 1394 1347 270.
1418 1287 1478 1346 637
1502 1287 1545 1362 (6.
1566 1286 1673 1363 66666)
1701 1285 1763 1346 759

425 1396 459 1472 (6
480 1396 613 1468 Τ166616,
638 1415 689 1454 suo
708 1397 872 1470 fratrisque
896 1397 1005 1452 6666166
1025 1393 1061 1450 de
1080 1393 1231 1463 66666616,
1259 1398 1335 1450 teste
1357 1387 1440 1450 Suet.
1463 1389 1533 1448 Tib.
1557 1387 1606 1462 20,
1636 1387 1693 1446 sed
1718 1389 1765 1446 in-

426 1497 584 1572 scripsisse
616 1496 683 1554 sedi
715 1496 759 1553 Ti.
787 1496 896 1553 Iulium
930 1493 1123 1554 Claudianum
1153 1499 1256 1550 666666
1285 1489 1351 1555 1)16,
1375 1489 1425 1562 st,
1453 1489 1491 1548 27
1524 1490 1563 1548 61.
1588 1483 1763 1548 Mommsen

426 1595 463 1656 C.
486 1597 510 1654 Ι.
532 1595 568 1654 L.
591 1594 621 1669 2,
646 1595 750 1671 1660),
774 1594 886 1654 661666
908 1611 927 1652 6
948 1591 1074 1653 Claudio
1095 1593 1171 1668 (Dio
1186 1593 1244 1666 60,
1267 1591 1300 1668 6)
1323 1599 1353 1650 66
1373 1609 1392 1649 6
1413 1591 1588 1650 Domitiano
1611 1589 1655 1664 (6.
1678 1596 1763 1648 cata-
1859 1641 1860 1646 ,

426 1697 514 1772 logus
542 1715 666 1773 operum
692 1696 781 1772 6166).
824 1695 992 1754 dedicatam
1019 1695 1097 1753 16666
1124 1712 1193 1753 6666
1214 1712 1242 1752 6.
1265 1693 1326 1751 270
1353 1692 1402 1751 616
1422 1691 1480 1750 161.
1506 1689 1542 1748 12
1564 1688 1762 1766 1116166661-
1859 1717 1860 1738 .

427 1798 495 1856 dem
518 1795 547 1868 2,
571 1797 611 1855 40
632 1805 736 1855 auctor
757 1805 812 1868 est,
839 1795 893 1856 sed
914 1796 997 1854 utin
1019 1803 1123 1871 aperto
1144 1795 1184 1853 616
1204 1793 1388 1870 Regillensis
1413 1809 1530 1870 pugnae
1555 1791 1635 1850 diem
1656 1809 1761 1850 errore

425 1897 558 1958 natalem
586 1897 668 1966 sedis
695 1897 810 1958 1661666.
853 1897 954 1972 itaque
979 1915 1067 1972 quem
1090 1894 1227 1955 natalem·
1245 1896 1283 1954 16.
1298 1894 1447 1953 Verriano
1468 1892 1646 1952 kalendario
1668 1891 1760 1950 habe-

429 2016 496 2056 mus
511 1999 576 2056 Ian.
593 1997 642 2071 27,
665 2017 732 2058 666
755 1999 794 2058 66
808 2007 926 2076 tempus
941 1997 1102 2057 finiendum
1123 2015 1182 2072 qno
1203 1995 1279 2054 illud
1300 1995 1444 2070 seriptum
1467 1994 1515 2065 eit,
1531 1995 1661 2052 'omnino
1683 1993 1759 2052 nihil
1859 2065 1860 2070 η

428 2095 563 2156 conferre
595 2107 720 2173 apparet
751 2109 781 2158 et
811 2099 975 2158 notandum
1010 2105 1057 2157 est
1091 2099 1168 2157 hanc
1203 2095 1306 2154 aedem
1338 2111 1444 2154 rursus
1475 2095 1588 2154 eisdem
1619 2093 1759 2171 vestigiis
1859 2097 1860 2158 j

428 2197 572 2256 refectam
594 2215 673 2257 esse.
715 2198 754 2256 id·
767 2200 848 2274 6666
869 2208 955 2259 eruta
974 2199 1167 2262 1666666666
1186 2215 1264 2256 nunc
1284 2195 1442 2255 manitbsto
1463 2195 1638 2255 docuerunt.
1679 2196 1759 2254 idem

426 2315 488 2356 non
520 2298 622 2356 661666
653 2299 821 2373 putaverim
851 2299 888 2358 66
920 2301 994 2359 6666
1022 2297 1209 2358 Concordiae
1235 2297 1408 2375 Augustae:
1441 2298 1526 2355 66166
1559 2296 1758 2356 dedicationis

427 2394 456 2456 6.
476 2399 541 2457 Ian.
560 2397 597 2456 16
620 2419 646 2459 6.
664 2399 722 2458 673
745 2399 843 2458 iactae
864 2401 1043 2459 mentionem
1065 2417 1132 2458 cum
1153 2397 1185 2457 in
1200 2397 1403 2458 Praenestino
1424 2397 1630 2474 hemerologio
1651 2407 1760 2472 postes

428 2491 560 2558 additam
581 2517 650 2558 esse
671 2501 876 2560 Mommsenus
898 2507 1022 2559 testetur
1043 2499 1080 2558 66
1102 2499 1169 2558 6166
1188 2516 1220 2574 p.
1242 2497 1313 2571 296,
1334 2499 1412 2557 hane
1433 2499 1538 2557 aedem
1559 2498 1598 2556 ab
1619 2499 1758 2574 Angusto
1859 2497 1860 2536 ³

428 2609 564 2677 coeptam
592 2619 647 2660 nec
675 2602 840 2678 perfectam
863 2602 985 2660 666166
1011 2618 1129 2672 66666,
1158 2599 1215 2658 hoc
1236 2607 1282 2658 est
1307 2599 1367 2658 6116
1389 2616 1449 2674 666
1471 2608 1559 2658 antea
1578 2599 1759 2658 1666161666

427 2701 537 2760 laetam
559 2718 636 2774 esse,
658 2701 696 2760 ob
718 2719 844 2778 eamque
865 2720 988 2761 eausam
1008 2719 1117 2760 novam
1139 2700 1270 2759 natalem
1291 2699 1444 2775 accepisse
1465 2707 1499 2758 ut
1516 2717 1626 2758 novum
1648 2717 1758 2758 nomen

334 2830 339 2840 ·
429 2799 498 2876 (pro
520 2819 599 2866 6666
621 2811 669 2861 666
690 2803 768 2861 enim
789 2804 948 2881 Augustae
970 2819 1135 2878 cognomen
1156 2800 1317 2876 adiectum)
1345 2799 1496 2860 existimo.
1537 2801 1593 2860 sed
1618 2801 1759 2878 ambigua

429 2918 507 2976 quas
539 2902 602 2960 dixi
630 2904 770 2979 exempla
797 2920 933 2978 quaeque
961 2903 1004 2959 ita
1035 2921 1104 2960 6666
1130 2901 1189 2960 6161
1215 2902 1335 2978 possint
1360 2919 1420 2959 non
1449 2901 1519 2960 6661
1545 2911 1665 2977 praeter
1691 2921 1758 2962 eam

429 2999 543 3074 aedem,
570 3002 608 3060 ob
635 3021 725 3079 quam
747 3004 821 3062 haec
843 3004 940 3062 omnis
966 3002 1127 3079 disputatio
1153 3009 1200 3062 est
1219 3002 1366 3074 institute,
1395 2999 1525 3074 Quirini,
1553 3011 1583 3065 et
1603 3003 1758 3062 Minervae

428 3101 461 3158 in
482 3103 644 3161 Aventino.
685 3111 811 3180 putetur
837 3113 963 3180 utraque
988 3103 1068 3161 binis
1089 3103 1238 3161 natalibus
1260 3104 1314 3174 uti,
1340 3103 1643 3178 66666666666616
1664 3122 1758 3164 6666·
1859 3163 1860 3178 ,

428 3219 496 3258 rom
524 3201 653 3274 aedium,
684 3203 782 3278 qualis
811 3202 980 3263 Concordia
1000 3203 1140 3280 Angusta
1164 3202 1230 3273 1616,
1263 3221 1387 3262 numero
1414 3202 1553 3262 habenda
1581 3204 1630 3276 sit,
1657 3223 1697 3264 en
1727 3205 1757 3263 in
1859 3221 1860 3266 t

429 3298 617 3373 relectarum,
648 3303 719 3362 11666
745 3303 782 3362 66
803 3303 869 3362 6616
890 3303 1078 3376 refectorum,
1105 3303 1270 3362 dubitetur:
1304 3311 1431 3376 constat,
1458 3303 1485 3362 61
1512 3303 1758 3378 novae-fuerint,
1859 3283 1860 3310 ¹

428 3401 524 3461 iactas
551 3420 617 3462 6666
643 3404 675 3462 16
700 3405 813 3463 6161616
838 3423 941 3464 66666
967 3404 1109 3476 locorum,
1137 3403 1246 3478 quibus
1271 3405 1435 3463 eorundem
1466 3404 1621 3463 numinum
1645 3406 1759 3483 templa

429 3501 502 3562 olim
529 3504 691 3564 extiterint
736 3503 850 3562 dixeris
876 3523 940 3562 rem
967 3504 1099 3563 decisam
1126 3520 1193 3562 6666
1219 3521 1255 3563 66
1281 3505 1362 3580 6666
1388 3505 1454 3581 1666
1474 3506 1633 3584 Augustus
1658 3508 1757 3565 inin·
1859 3499 1860 3558 l

429 3601 494 3659 6166
514 3624 539 3662 6.
559 3623 589 3681 g.
611 3605 682 3676 4,.5
705 3622 746 3663 ss.
768 3611 897 3664 testatus
919 3605 958 3665 616
978 3605 1065 3664 haee:
1089 3605 1172 3665 aedes
1193 3607 1223 3664 iu
1248 3605 1388 3682 Capitolio
1410 3607 1489 3664 Iovis
1504 3608 1611 3680 feretri
1631 3615 1657 3665 et
1677 3607 1757 3668 16616
1859 3623 1860 3690 j

430 3707 565 3773 touautis,
597 3706 719 3763 aedem
754 3703 918 3778 Quirini,
951 3707 1035 3766 aedes
1067 3706 1250 3766 Mineruae
1282 3715 1308 3764 et
1334 3707 1455 3766 Iunonis
1481 3711 1597 3783 regines
1623 3717 1650 3766 et
1678 3708 1757 3767 [onis

430 3801 569 3863 libertatis
590 3809 619 3863 in
641 3804 793 3878 Aventino,
818 3808 915 3865 666666
936 3806 1048 3865 Larum
1069 3810 1100 3864 in
1121 3825 1230 3865 summe
1250 3824 1338 3866 sacra
1358 3809 1417 3880 uio,
1443 3808 1541 3867 aeden
1561 3809 1644 3867 deum
1663 3809 1758 3868 Pena·

429 3906 498 3964 tium
524 3908 555 3963 iu
579 3905 676 3979 Velia,
709 3909 806 3966 aedem
833 3907 1002 3979 luventatis,
1035 3909 1132 3966 666666
1159 3907 1267 3966 Matris
1293 3909 1522 3984 6666661661.
1542 3947 1551 3966 .
1571 3949 1579 3966 .
1601 3907 1759 3984 (secuntur

427 4007 556 4083 6661666
569 4007 720 4084 aedificia)
743 4009 842 4081 6166
866 4011 922 4067 duo
944 4019 970 4067 et
991 4012 1131 4085 octoginta
1152 4007 1259 4083 templa
1278 4009 1361 4066 66666
1381 4011 1413 4070 ia
1432 4009 1500 4068 urbe
1515 4009 1619 4068 666661
1639 4009 1758 4086 sebam

429 4123 462 4165 66
482 4107 604 4184 decreto]
633 4119 747 4168 senatus
775 4110 861 4184 referi
880 4102 966 4167 'auito
990 4111 1193 4184 6666661666
1220 4111 1299 4184 quod
1324 4107 1381 4185 [eo]
1407 4109 1543 4184 temp[ore
1567 4111 1646 4187 refici
1672 4129 1758 4188 opor·

429 4207 522 4282 teretJ,
544 4225 613 4267 esse
633 4209 724 4286 igitur
744 4210 822 4269 inter
842 4227 937 4268 66666
957 4206 1076 4281 Quirini
1097 4217 1128 4266 et
1148 4208 1301 4276 Minervae
1323 4207 1422 4282 aedes,
1445 4227 1571 4287 quorum
1591 4211 1647 4270 1116
1667 4212 1757 4272 etism

428 4304 460 4362 ἐκ
486 4310 584 4378 καινῆς
610 4309 692 4368 16666
717 4328 736 4368 6
761 4308 862 4367 Dione
894 4309 1071 4386 appelletur,
1104 4326 1165 4385 qua
1195 4308 1325 4368 1666616
1355 4309 1521 4371 Merkelius
1552 4312 1759 4372 observaverit

427 4404 523 4465 sactae
558 4426 577 4465 6
611 4400 731 4468 66166616
766 4413 938 4470 constanter
973 4409 1126 4487 distingui.
1184 4409 1377 4469 nibilominus
1412 4427 1520 4488 graves
1556 4413 1758 4474 dubitationes

429 4505 565 4563 oriuntur
586 4507 839 4567 66166166611116
860 4509 1007 4568 vocabulo
1027 4509 1071 4568 166
1092 4526 1166 4568 6666
1188 4509 1236 4581 616,
1257 4518 1292 4568 66
1311 4511 1483 4570 necessario
1505 4512 1697 4590 cogitandum
1717 4515 1759 4574 616

383 4631 389 4646 ⁷
429 4604 467 4664 de
495 4606 619 4666 aedibus
645 4627 707 4667 non
733 4609 845 4668 eisdem
871 4610 980 4687 quibus
1006 4618 1143 4670 vetustae
1168 4610 1304 4688 vestigiis
1329 4610 1489 4688 impositis.
1532 4633 1602 4680 nam
1624 4614 1652 4674 si
1672 4615 1703 4674 id
1724 4635 1759 4676 re

391 4732 396 4751 ι
428 4705 599 4780 666616616,
627 4709 797 4769 necessario
819 4728 855 4770 66
878 4710 1045 4770 delabimur
1066 4719 1100 4770 ut
1119 4719 1238 4788 praeter
1257 4709 1338 4770 lovis
1359 4713 1492 4772 tonantis
1518 4714 1622 4774 aedem
1643 4722 1759 4777 ceteras

390 4833 393 4863 6
428 4825 533 4868 66666
554 4810 699 4887 gemellas
721 4803 871 4879 iussisses
885 4811 1064 4887 templorum
1086 4829 1154 4872 esse
1175 4819 1355 4886 statuamus,
1377 4831 1454 4890 qnae
1474 4815 1507 4873 16
1527 4814 1641 4876 eisdem
1660 4815 1759 4895 regio·

384 4929 393 4948 ν
427 4909 518 4968 nibus
554 4918 607 4970 aut
642 4911 708 4972 sine
743 4912 872 4990 vestigio
906 4913 1076 4971 interierint
1106 4921 1159 4972 666
1188 4912 1275 4973 iuxta
1305 4930 1401 4972 66666
1432 4914 1564 4976 reiectae
1594 4917 1759 4977 manserint

395 5009 402 5024 ¹
429 5009 601 5088 lateantque
626 5013 704 5072 inter
729 5011 857 5072 66166666
882 5007 1054 5087 LXXXII,
1084 5031 1212 5090 666666
1239 5013 1418 5074 laterculum
1447 5015 1562 5076 utinam
1580 5017 1759 5077 adscribere

393 5093 404 5158 ι’
430 5108 569 5184 dignatus
591 5114 685 5186 essetl
717 5131 786 5173 nam
809 5115 836 5173 61
855 5113 963 5174 Livius
984 5114 1121 5174 66616666
1142 5115 1228 5175 666616
1250 5116 1279 5188 4,
1303 5115 1581 5178 201661616666611
1601 5118 1705 5178 aedem
1726 5117 1758 5176 in

430 5207 582 5288 Capitolio
602 5223 736 5277 uetustate
757 5217 903 5295 dilapsam
916 5217 1084 5295 Augustum
1098 5224 1201 5276 666666
1221 5215 1305 5292 (6666
1318 5235 1345 5277 a
1362 5217 1438 5296 729)
1459 5223 1601 5298 rescisse,
1622 5226 1654 5279 66
1672 5217 1758 5279 666616
