3858 5960
369 521 440 595 122
615 537 792 593 nouusuu
809 537 859 589 nn
876 535 1141 590 nnnnumoavu
1157 535 1263 590 vanis
1281 535 1436 590 mavum.

367 712 483 774 Versus
510 712 630 771 ultimos
657 711 701 770 sic
725 711 789 770 iere
814 709 937 768 exhibui
960 719 993 768 ut
1014 711 1052 768 ab
1073 709 1143 768 aliis
1164 708 1294 768 restituti
1316 717 1400 780 sunt,
1426 725 1548 770 versum
1574 717 1693 770 sextum

364 823 453 874 acute
479 813 630 892 supplevit
650 811 862 870 Mommsenus.
906 809 984 870 Cum
1010 812 1088 870 enim
1114 819 1237 888 propter
1261 829 1418 870 nnmerum
1439 810 1619 872 tribuniciae
1639 831 1693 887 po·

367 915 484 974 testatis
505 933 585 974 nnuc
606 921 723 973 constet
743 931 845 971 arcum
867 913 979 972 iactum
1000 929 1069 971 esse
1090 913 1170 971 abl
1189 909 1306 985 velit,
1333 930 1362 970 a.
1384 921 1483 972 autem
1506 913 1546 972 50
1568 911 1692 974 Carata-

367 1033 421 1075 cus
442 1035 497 1076 rex
511 1015 684 1075 Britanniae
705 1019 811 1092 captus
834 1013 873 1073 sit
886 1013 1054 1090 fratresque
1068 1013 1144 1084 eius,
1166 1020 1199 1072 ut
1213 1011 1335 1071 Tacitus
1351 1031 1420 1072 ann.
1442 1012 1494 1072 lib.
1511 1014 1547 1072 12
1570 1034 1635 1092 cap.
1652 1016 1692 1075 35

368 1127 479 1191 narrat,
500 1117 532 1176 in
553 1115 733 1176 deditionem
755 1115 869 1190 accepti
891 1115 960 1187 sint,
981 1122 1016 1172 ut
1036 1113 1146 1172 bellum
1163 1113 1313 1173 videretur
1334 1113 1501 1173 conlectum
1523 1132 1602 1187 esse,
1623 1135 1694 1174 con·

308 1233 322 1248 ¹
368 1225 542 1278 sentaneum
563 1218 660 1276 estin
681 1217 770 1277 titulo
791 1235 880 1278 arcus
900 1214 1089 1293 triumphalis
1110 1214 1277 1292 praedicari
1300 1223 1345 1274 tot
1366 1233 1453 1294 reges
1468 1216 1642 1275 Britanniae
1661 1217 1693 1275 in

366 1319 546 1378 deditionem
567 1335 636 1378 esse
657 1325 805 1394 acceptos.
841 1316 974 1376 Difficile
995 1325 1094 1376 numm
1115 1315 1216 1387 fuerit,
1237 1333 1303 1376 cum
1325 1316 1400 1376 illud
1419 1334 1437 1362 ν
1458 1317 1495 1375 ad
1511 1336 1599 1377 unam
1616 1317 1691 1376 litte·

365 1439 430 1480 ram
451 1437 471 1478 x
491 1417 626 1496 quadret,
647 1418 731 1478 aliud
753 1418 923 1496 excogitare
945 1417 1027 1495 quod
1046 1416 1115 1476 huic
1136 1417 1204 1476 loco
1226 1419 1392 1478 conveniat.

928 1657 1130 1665 —-——-—-=

1016 1851 1045 1911 4.

448 1969 497 2031 Ne
517 1971 645 2050 paginae
667 1989 776 2051 magna
796 1988 867 2048 pars
882 1976 969 2030 vacat
988 1969 1090 2028 addidi
1111 1970 1232 2030 titulum
1252 1966 1385 2030 nondum
1407 1969 1521 2048 publici
1541 1970 1616 2030 iuris
1631 1971 1690 2030 lac·

367 2082 444 2148 tum,
465 2072 532 2148 qui,
554 2073 580 2132 sl
602 2091 661 2131 uon
682 2072 800 2150 inipso
821 2071 957 2131 aedificio
978 2073 1109 2144 urbano,
1136 2072 1190 2130 sed
1211 2072 1242 2130 in
1263 2081 1439 2130 ornamento
1460 2073 1590 2148 quodam
1612 2073 1691 2131 aedi-

366 2173 426 2234 licii
450 2175 567 2234 videtur
591 2174 703 2236 incisus
723 2173 827 2234 luisse.
872 2169 1029 2232 Cittadinii
1054 2173 1133 2232 enim
1163 2172 1265 2231 codice
1286 2172 1439 2232 Marciano
1462 2191 1491 2250 p.
1507 2173 1547 2234 85
1570 2174 1618 2233 bic
1638 2193 1691 2233 ex-

366 2275 485 2336 hibetur
504 2275 623 2336 titulus:

738 2373 854 2417 notatus
866 2387 873 2402 ·
886 2371 1004 2416 Νοετκι
1016 2385 1023 2400 ·
1036 2372 1160 2416 nouom
1172 2385 1179 2404 ·
1191 2372 1321 2416 nvovsu

868 2471 1003 2517 POPVLVS
1015 2485 1023 2502 ·
1037 2473 1191 2518 ROMANVS

830 2575 891 2619 PRO
916 2588 923 2604 ⁸
948 2575 1111 2618 stNthnat
1134 2588 1141 2604 ·
1165 2573 1229 2617 atvs

868 2677 957 2722 elaea
976 2690 983 2706 ·
1005 2676 1039 2720 SE
1058 2689 1065 2705 ·
1082 2674 1191 2719 attona

681 2781 693 2821 5
828 2777 935 2835 moys
975 2791 982 2807 ⁸
1021 2777 1230 2822 Paovtoamts

737 2879 902 2923 STATVAM·
921 2879 959 2922 Ex
973 2892 980 2908 ·
996 2879 1071 2921 aaut
1087 2892 1094 2908 ·
1110 2876 1321 2935 saecutooya

738 2980 773 3022 ΙΝ
794 2994 802 3010 ·
820 2979 976 3024 aosnuts
996 2993 1003 3008 ·
1023 2980 1069 3023 AD
1090 2993 1098 3009 ·
1116 2979 1322 3023 MEMORlAM

737 3081 931 3125 otoatsa
967 3095 975 3109 ·
1012 3079 1322 3124 ΒΕΜΡΙΤΕΚΝΑΕ

737 3181 1321 3226 ΕΟΝΕΟΕΑΝΟΑΜἯΕΕΚΕῊΤ

366 3301 425 3362 Ubi
452 3301 585 3361 extiterit
608 3319 668 3362 non
695 3302 873 3373 enuntiatur,
900 3301 953 3362 sed
979 3301 1127 3379 pertinere
1154 3300 1193 3359 ad
1219 3301 1323 3359 urbem
1344 3319 1412 3360 cum
1438 3300 1505 3359 ideo
1527 3302 1690 3378 probabile,

365 3403 446 3480 quod
466 3413 567 3463 statua
588 3421 608 3461 a
628 3404 741 3481 populo
761 3402 913 3475 Romano,
941 3410 1004 3462 tum
1025 3402 1106 3480 quod
1127 3402 1158 3460 in
1179 3403 1287 3462 rostris
1309 3402 1466 3462 conlocata
1486 3419 1553 3462 esse
1574 3403 1690 3462 dicitnr.

364 3505 490 3564 Videtur
510 3512 608 3564 auteur
630 3504 731 3580 posita
751 3519 819 3563 csse
841 3503 946 3562 eodem
967 3511 1111 3579 tempore,
1133 3519 1194 3579 quo
1216 3521 1235 3559 a
1249 3511 1355 3562 senatu
1368 3503 1539 3580 populoque
1553 3504 1690 3563 Romano

365 3613 487 3664 curante
506 3604 596 3664 Rufio
617 3605 751 3662 Antonio
772 3605 931 3682 Agrypuio
945 3603 1114 3664 Volusiano
1135 3603 1236 3681 posita
1257 3611 1303 3664 ast
1322 3604 1354 3663 in
1375 3603 1440 3662 loro
1454 3603 1586 3663 Traiano
1607 3605 1689 3664 basis

366 3716 483 3766 statuae
508 3704 637 3764 Honorii
663 3711 782 3783 reperta
808 3724 835 3765 a.
854 3703 949 3780 1870,
976 3706 1014 3764 cl.
1042 3705 1208 3764 Bullettino
1233 3704 1312 3764 1870
1339 3725 1369 3783 p.
1388 3705 1455 3764 171.
1500 3705 1631 3766 Omnino
1660 3715 1691 3764 et

364 3825 441 3886 quas
462 3813 578 3867 statuas
599 3807 631 3866 in
652 3807 758 3868 rostris
779 3815 905 3884 atquae
926 3807 957 3866 in
979 3807 1044 3865 foro
1059 3805 1193 3867 Traiano
1214 3807 1375 3866 memoriae
1396 3815 1444 3866 est
1464 3806 1605 3866 traditum
1623 3825 1690 3865 con-

364 3909 483 3968 stitutas
497 3909 603 3982 fuisse,
624 3926 802 3988 componere
816 3926 925 3987 operae
946 3908 1063 3968 videtur
1083 3908 1211 3986 pretium
1235 3925 1311 3981 esse,
1333 3907 1385 3968 sed
1406 3909 1486 3984 quod
1509 3908 1601 3968 sciam
1616 3927 1689 3969 non·

363 4009 434 4070 dnm
455 4011 640 4089 compositae
661 4020 739 4071 sunt.

1420 4145 1457 4204 E.
1480 4143 1646 4205 Boausuu.
