3858 5960
389 615 462 689 104
945 623 1144 680 musana
1212 665 1215 672 .

386 805 456 866 inde
481 804 577 862 altera
600 810 699 860 casua
722 799 900 876 legionario,
928 799 1023 857 altera
1043 799 1178 874 reliquae
1199 795 1325 855 militiae
1345 794 1440 854 fuisse
1462 793 1540 854 effici
1561 793 1710 865 uideatur3

387 925 443 965 nec
464 922 536 964 vero
562 903 675 974 obstat,
701 899 782 977 quod
803 917 892 977 saepe
914 899 1034 977 singula
1052 905 1167 956 tautum
1188 897 1386 972 reperiuntur,
1411 914 1479 954 cum
1500 895 1620 954 tabulae
1640 895 1712 954 illae

388 1007 461 1064 alibi
482 1021 601 1080 qnoque
621 1003 736 1080 passim
757 1000 911 1060 omiserint
930 999 1063 1071 castella,
1085 1017 1163 1076 quae
1183 997 1215 1056 in
1234 997 1380 1056 laterculo
1401 996 1555 1072 copiarum
1570 995 1712 1054 exhiben-

388 1113 446 1163 tur.
489 1103 593 1163 Titulo
619 1111 717 1162 autem
742 1119 836 1176 supra
861 1099 957 1158 relato
983 1119 1013 1158 n.
1030 1099 1068 1158 14
1093 1099 1201 1158 aetatis
1222 1097 1447 1174 Philippiauae,
1474 1096 1525 1156 ubi
1545 1096 1713 1171 praefectus

390 1206 456 1264 alae
477 1203 660 1281 praelectum
681 1201 809 1278 legionis
830 1199 936 1259 ducem
956 1199 1224 1276 praepositumque
1240 1203 1338 1270 vocat,
1359 1215 1419 1256 non
1440 1196 1530 1255 nimis
1547 1197 1712 1268 tribuerim,

389 1323 485 1381 neque
506 1305 575 1362 iude
593 1303 642 1362 vel
663 1303 784 1379 saepius
800 1301 848 1360 vel
868 1301 1044 1378 plerumque
1064 1299 1233 1376 praefectos
1252 1297 1380 1375 legionis
1402 1297 1496 1375 copiis
1516 1295 1713 1356 auxiliaribus

390 1405 554 1482 imperasse
576 1401 781 1462 concluserim.

473 1705 610 1794 Instituit
628 1705 720 1781 igitur
739 1712 905 1763 castrorum
926 1701 1156 1783 legionariorum
1169 1700 1397 1779 praefecturam,
1418 1718 1507 1776 quam
1521 1700 1603 1759 omni
1617 1705 1714 1759 aetate

392 1806 528 1866 homines
549 1805 690 1865 interiore
710 1805 778 1864 loco
799 1804 941 1864 oriundos
963 1804 1096 1881 gessisse
1117 1801 1397 1872 demonstravimus,
1418 1803 1575 1878 Augustus
1592 1799 1715 1878 duplici,

392 1907 508 1983 opinor,
533 1923 625 1965 causa
650 1912 766 1978 motus,
792 1905 887 1964 altera
911 1903 1035 1964 militari
1057 1935 1096 1947 —
1118 1902 1232 1962 ordinis
1253 1901 1332 1961 enim
1354 1902 1496 1962 senatorii
1518 1911 1548 1960 et
1568 1901 1715 1978 equestris

392 2007 528 2065 homines
556 2025 623 2066 cum
646 2006 678 2064 in
703 2006 801 2082 caliga
826 2004 973 2082 stipendia
998 2003 1120 2063 omnino
1148 2020 1213 2062 non*
1235 2003 1382 2075 iacerent,
1409 2003 1463 2060 sed
1488 2022 1507 2061 a
1532 2001 1715 2078 praefectura

392 2108 524 2166 cohortis
546 2107 756 2182 tribunatuque
776 2105 906 2165 militnm
927 2105 1063 2164 militiam
1084 2103 1318 2180 ingrederentur,
1341 2103 1405 2161 eine
1425 2102 1516 2162 dnbio
1533 2101 1717 2180 legionariae

393 2207 519 2266 militiae
546 2213 685 2265 accurata
711 2205 836 2265 scientia
862 2205 1037 2281 plerumque
1061 2205 1218 2276 carebaut;
1246 2203 1342 2262 altera
1370 2203 1460 2262 civili.
1502 2203 1717 2262 Administrari

393 2307 472 2366 euim
494 2307 648 2382 tenerique
668 2306 835 2383 imperium,
859 2306 950 2382 quale
970 2305 1027 2364 luit
1045 2303 1226 2376 Romanum,
1247 2322 1308 2362 non
1329 2303 1427 2381 potuit
1446 2303 1505 2361 nisi
1525 2321 1636 2382 magua
1656 2302 1716 2361 ain·

393 2407 474 2484 gulis
495 2406 719 2484 magistratibus
739 2422 882 2465 concessa
901 2413 1061 2483 potestate:
1083 2405 1159 2464 fines
1180 2403 1299 2480 imperii
1313 2403 1400 2475 tucri,
1421 2413 1516 2462 terras
1530 2403 1718 2480 populosque

395 2507 428 2565 in
454 2507 570 2566 dicione
596 2507 701 2584 populi
725 2505 854 2565 Romani
879 2507 1007 2565 retinere
1031 2505 1187 2582 praesides
1212 2503 1431 2582 provinciarum
1458 2503 1633 2578 nequibant,
1659 2503 1719 2563 nisi

394 2606 544 2666 exercitus
575 2624 700 2684 magnos
727 2614 908 2683 paratosque
935 2607 1080 2666 haberent
1105 2605 1184 2665 dicto
1210 2603 1374 2663 audientes.
1423 2603 1471 2661 Ab
1496 2603 1592 2662 altera
1618 2613 1718 2663 autem

393 2715 481 2782 parte
502 2706 668 2766 cavendum
689 2714 763 2781 erat,
784 2725 822 2765 ne
843 2709 1035 2772 abuterentur
1054 2706 1191 2782 potentia
1210 2721 1275 2776 sua,
1296 2703 1348 2780 qui
1366 2703 1461 2780 copiis
1476 2713 1506 2762 et
1519 2704 1719 2780 cuiuscunque

393 2807 511 2882 generis
533 2807 641 2883 opibus
663 2807 754 2868 tantis
774 2806 901 2885 praediti
922 2815 1037 2867 essent:
1060 2824 1137 2883 quae
1156 2805 1270 2864 illicere
1291 2805 1439 2864 debebant
1453 2810 1483 2863 et
1495 2823 1528 2862 re
1541 2823 1614 2864 vera
1627 2823 1717 2882 saepe

393 2905 555 2966 illexerunt
575 2908 712 2968 homines
732 2908 920 2979 ambitiosos,
942 2915 975 2965 ut
994 2925 1094 2967 rerum
1112 2905 1202 2984 potiri
1216 2913 1404 2964 conarentur.
1440 2903 1525 2963 Haec
1538 2915 1603 2964 erat
1615 2923 1717 2978 cansa,

395 3024 448 3064 cur
468 3007 626 3084 Augustus
649 3007 820 3086 legionibus
845 3007 973 3084 singulis
994 3007 1110 3085 legatos
1132 3012 1343 3084 praeponeret,
1370 3004 1422 3082 qui
1442 3005 1630 3082 praesidibus
1650 3025 1717 3083 pro·

395 3107 559 3176 vinciarum
580 3109 735 3168 obedirent
754 3108 886 3186 quidem,
906 3109 960 3167 sed
980 3107 1071 3166 iidem
1092 3107 1153 3167 illis
1174 3124 1263 3184 pares
1285 3113 1387 3166 essent
1404 3105 1569 3184 vigilesque
1591 3107 1718 3166 exsiste·

395 3214 474 3278 rent,
500 3207 526 3266 si
551 3208 670 3283 quando
695 3227 792 3268 novas
817 3226 868 3268 res
895 3207 994 3266 moliri
1020 3207 1139 3267 vellent.
1183 3205 1245 3269 Sed
1270 3207 1362 3284 legati
1388 3215 1418 3264 et
1443 3207 1664 3283 provinciarum
1687 3217 1718 3266 et

395 3304 546 3381 legionum
568 3323 671 3367 omnes
692 3317 777 3369 erant
796 3308 937 3368 senatorii
958 3308 1086 3367 ordinis:
1108 3307 1181 3384 quid
1202 3309 1229 3368 si
1251 3307 1371 3385 quando
1385 3315 1651 3392 senatus.veterem
1665 3324 1719 3384 po·

395 3411 532 3464 testatem
558 3426 735 3485 recuperare
760 3409 937 3469 moliebatur
961 3427 1017 3468 uec
1042 3409 1103 3467 iam
1128 3408 1229 3467 de·eo
1254 3407 1416 3467 discrimen
1437 3417 1516 3479 erat,
1537 3408 1604 3485 quis
1624 3409 1719 3486 impe·

395 3514 491 3577 roret,
517 3507 570 3566 sed
595 3525 656 3584 qua
680 3509 779 3569 forma
803 3509 972 3586 respublica
994 3508 1167 3588 regeretur?
1210 3506 1403 3586 Quantopere
1423 3517 1522 3568 autem
1543 3509 1720 3586 posterioris

395 3605 486 3664 etiam
507 3607 616 3667 aetatis
636 3608 831 3686 imperatores
856 3609 948 3669 diffisi
970 3609 1032 3669 sint
1052 3611 1179 3682 senatui,
1200 3617 1235 3670 ut
1254 3617 1433 3686 potestatem
1454 3609 1518 3669 eius
1539 3610 1636 3686 magis
1658 3627 1720 3668 ma·

394 3705 501 3782 gisque
521 3707 726 3786 infringerent,
747 3710 840 3786 probe
861 3711 918 3771 scit
938 3710 990 3788 qui
1011 3710 1117 3770 aetatis
1138 3709 1347 3788 imperatoriae
1367 3708 1524 3769 historiam
1543 3711 1637 3768 novit.
1678 3708 1722 3770 Ut

395 3805 487 3882 igitur
508 3816 631 3883 praeter
655 3808 772 3888 legatos
797 3820 1005 3888 procuratores
1030 3812 1062 3870 in
1086 3811 1258 3888 provincias
1279 3809 1358 3869 mitti
1378 3809 1475 3869 voluit
1494 3809 1651 3888 Augustus
1672 3810 1720 3868 vel

396 3905 502 3966 domus
529 3907 739 3984 imperatoriae
765 3911 888 3970 libertos
915 3913 962 3971 vel
990 3911 1139 3989 equestris
1167 3910 1280 3970 ordinis
1306 3910 1460 3983 homiues,
1488 3911 1531 3969 ita
1555 3910 1587 3969 in
1613 3910 1720 3970 castris

395 4010 691 4104 quoqueponetituit
712 4019 745 4070 ut
763 4012 850 4071 iuxta
869 4013 999 4091 legatum
1022 4011 1191 4089 praefectus
1212 4011 1326 4070 ordinis
1346 4009 1495 4070 interioris
1513 4011 1614 4070 locum
1629 4011 1720 4070 habe·

378 4117 455 4180 μοι,
480 4109 572 4188 longa
598 4111 707 4170 militia
731 4113 924 4190 imperatorio
945 4113 1058 4171 nomini
1083 4113 1202 4171 iunctus
1227 4111 1421 4187 devotusque.
1466 4109 1525 4184 Qui
1551 4111 1721 4187 praelectus

396 4209 565 4284 appellatus
585 4221 633 4270 est
648 4213 810 4288 praejectae
831 4223 1003 4278 castrorum:
1028 4231 1084 4272 nec
1103 4212 1225 4272 saeculo
1246 4211 1343 4287 primo
1364 4210 1434 4270 addi
1455 4211 1573 4271 solebat
1592 4211 1721 4289 legionis

395 4325 513 4381 nomen,
535 4327 601 4368 cum
623 4328 714 4388 saepe
735 4313 903 4390 complures
923 4313 1058 4392 legiones
1078 4311 1186 4371 iisdem
1207 4312 1315 4372 castris
1337 4317 1523 4383 tenerentur;
1546 4311 1615 4370 addi
1632 4329 1720 4388 coep·

396 4413 458 4464 tum
480 4418 539 4480 est,
564 4418 722 4487 postquam
743 4412 936 4472 Domitianus
958 4430 1015 4472 sua
1034 4430 1183 4489 quamque
1202 4412 1351 4490 legionem
1372 4417 1473 4470 castra
1493 4411 1602 4470 habere
1622 4411 1722 4482 iussit,

396 4523 527 4581 moxque
547 4509 591 4567 ita
611 4510 747 4583 obtinuit,
769 4519 803 4570 ut
822 4529 881 4571 usu
902 4511 1076 4588 quotidiano
1099 4529 1190 4588 saepe
1211 4523 1370 4572 coenarum
1384 4511 1504 4587 quidem
1519 4512 1641 4570 verbum
1656 4512 1721 4570 bre·

397 4605 498 4663 vitatis
521 4625 612 4667 causa
632 4610 847 4688 neglegeretur,
869 4613 948 4690 legio
969 4623 1068 4672 tamen
1089 4618 1123 4670 ut
1142 4611 1174 4670 in
1195 4613 1347 4670 tribunatu
1368 4611 1494 4670 militum
1515 4611 1567 4669 vix
1590 4628 1723 4687 unquam

397 4703 591 4766 omitteretur.
635 4707 732 4783 Quem
758 4729 844 4772 usum
870 4710 1035 4791 Septimius
1062 4709 1193 4773 Severus
1219 4711 1321 4771 sa‘nxit
1343 4711 1569 4789 legitimumque
1594 4709 1723 4769 reddidit

396 4823 504 4864 nomen
522 4809 664 4882 perfecti
685 4812 812 4886 legionis,
833 4812 962 4872 sommae
982 4819 1132 4890 potestate
1152 4828 1273 4889 quoque
1293 4812 1530 4888 muneribusque
1544 4810 1610 4870 eiua
1625 4809 1721 4870 auctis

396 4905 454 4977 ita,
483 4912 517 4964 ut
542 4924 618 4983 quae
639 4908 790 4984 praelecto
811 4911 933 4971 adderet
954 4912 1084 4972 demeret
1103 4913 1212 4990 legato.
1255 4911 1312 4972 Est
1332 4912 1413 4972 enim
1434 4917 1540 4970 notum
1560 4911 1621 4970 iam
1643 4910 1722 4967 bunc

396 5005 605 5082 imperatorem
626 5026 747 5084 quoquo
768 5011 856 5071 modo
878 5012 1020 5070 senatorii
1040 5012 1155 5072 ordinis
1176 5018 1354 5088 potestatem
1376 5012 1573 5072 imminuisse.
1620 5011 1742 5084 Atque,

396 5104 466 5164 inde
486 5107 615 5168 tortasse
637 5108 846 5187 explicandum
867 5117 922 5184 est,
947 5111 1028 5188 quod
1049 5130 1117 5172 cum
1136 5113 1304 5189 praelectus
1326 5113 1448 5173 saeculo
1463 5113 1478 5172 1
1491 5121 1522 5171 et
1535 5109 1568 5169 ll
1589 5107 1721 5168 cornico·
