3858 5960
623 570 672 620 ns
688 569 900 622 remaneto
917 567 1147 622 casuaoavu.
1500 555 1545 624 91

218 761 342 822 praeses
374 741 548 818 provinciae
578 747 610 798 et
640 739 759 816 legatus
790 741 935 816 legionis,
967 741 1137 817 praefectus
1164 741 1299 816 Aegypti
1326 749 1357 798 et
1383 743 1550 819 praefectus

218 855 384 905 outrorum
404 843 583 912 referuntur,
609 847 643 898 ut
663 841 722 900 iam
743 842 775 900 in
795 842 936 918 Aegypto
957 851 1123 900 casuorum
1143 840 1325 918 praefectum
1346 841 1438 919 legati
1458 844 1549 921 legio

219 947 298 1005 narii
318 947 386 1004 loco
406 944 502 1003 fuisse
524 949 650 1001 constet.
689 941 737 1000 Ea
757 951 805 1000 est
825 959 927 1014 causa,
948 959 1001 1000 our
1021 942 1053 999 in
1075 941 1203 1001 consilio
1225 943 1263 1002 ab
1284 941 1465 1020 imperatore
1479 944 1551 1002 Tito

220 1045 441 1122 Hierosolymis
473 1042 655 1119 expugnatis
686 1049 851 1100 convocato
882 1041 960 1100 inter
990 1034 1232 1125 κορυφαιοτάτους
1260 1044 1350 1102 duces
1376 1043 1551 1120 legatosque

220 1147 374 1223 legionum
400 1153 648 1204 commemoretur
668 1141 820 1201 Liternina
842 1140 957 1201 Fronto
983 1133 1240 1226 στρατοπεδάρχης
1260 1145 1315 1200 τῶν
1335 1139 1385 1200 οἵτ’
1405 1139 1551 1224 'anegau-

221 1238 315 1329 dpss'uc
336 1235 388 1303 do'o
410 1235 567 1321 ταγμάτων
577 1243 616 1319 ¹).

304 1346 370 1404 Iam
397 1345 535 1404 attendas
562 1343 653 1402 uelim
680 1343 777 1418 ipsam
804 1361 864 1418 qua
892 1342 1060 1420 praefectus
1087 1351 1254 1403 corborum
1278 1346 1309 1403 in
1337 1345 1433 1405 titulis
1460 1363 1553 1422 supra

222 1446 387 1524 propositis
413 1453 532 1504 notetur
558 1443 714 1503 rationem.
757 1443 897 1502 Invenies
922 1444 1002 1502 euim
1028 1461 1097 1502 eum
1123 1444 1212 1502 modo
1236 1445 1418 1520 praefectum
1440 1455 1551 1506 castro·

221 1566 288 1604 rum
315 1545 475 1622 appellari,
503 1545 564 1603 alia
589 1553 661 1602 nota
686 1543 805 1602 adiecta
825 1543 910 1602 nulla
930 1543 973 1619 (n.
990 1544 1019 1602 7.
1035 1544 1063 1603 8.
1080 1544 1108 1602 9.
1127 1547 1174 1602 11.
1194 1544 1241 1602 12.
1260 1546 1306 1604 13.
1323 1545 1433 1622 38)²)‚
1460 1549 1551 1607 modo

222 1647 405 1722 praefectum
426 1652 593 1704 amborum
614 1643 742 1721 legionis
764 1643 890 1702 alicuius
913 1642 956 1720 (n.
975 1644 1022 1703 10.
1039 1643 1088 1702 25.
1105 1644 1154 1702 26.
1171 1642 1220 1702 27.
1237 1643 1286 1706 29.
1303 1647 1352 1704 30.
1369 1648 1418 1706 31.
1434 1647 1484 1706 32.
1501 1649 1550 1706 33.

224 1747 273 1804 34.
296 1746 346 1804 37.
367 1744 432 1821 47).
480 1743 541 1818 Qui
567 1751 668 1804 autem
694 1745 774 1803 norit
801 1751 943 1803 constans
971 1744 1030 1804 sibi
1056 1745 1237 1820 omninoque
1262 1745 1357 1805 fixum
1382 1747 1553 1823 insorIptio-

223 1865 294 1904 num
315 1846 473 1904 latinarum
493 1845 612 1926 dicendi
633 1862 738 1922 genus,
760 1845 788 1904 is
810 1846 868 1904 hoo
888 1844 1048 1904 dlacrimeu
1070 1861 1143 1903 sane
1163 1845 1250 1921 parvi
1272 1865 1331 1905 non
1346 1847 1445 1921 faciet,
1466 1868 1553 1925 prae·

222 1946 325 2006 sertim
359 1965 426 2006 cum
454 1946 563 2004 viderit
589 1946 757 2024 praefectos
787 1938 954 2004 manorum
982 1945 1111 2022 legionis
1139 1946 1260 2004 nomine
1287 1955 1422 2007 carentes
1450 1967 1553 2009 omnes

222 2047 371 2122 pertinere
399 2047 440 2104 ad
467 2045 580 2105 saeculi
608 2046 698 2122 primi
727 2053 842 2121 partem
869 2047 1016 2123 priorem,
1049 2053 1153 2106 coutm
1180 2046 1349 2122 praefectos
1378 2059 1552 2123 castrorum,

222 2147 333 2222 quibus
359 2147 506 2206 adiciatur
532 2145 660 2225 legionis
682 2163 807 2217 nomeu,
834 2163 937 2205 omnes
959 2163 1028 2205 esse
1049 2146 1161 2206 racemi
1182 2147 1303 2206 secundi
1324 2158 1443 2224 praeter
1463 2169 1553 2209 unum

223 2245 260 2306 L.
283 2247 423 2306 Flavium
444 2247 595 2306 Iulianum
616 2246 659 2323 (u.
678 2247 741 2322 10),
763 2247 933 2306 coniectura
953 2265 972 2304 a
992 2246 1160 2324 Borghesio
1181 2249 1273 2306 aetati
1294 2247 1480 2310 Claudianae
1500 2252 1553 2310 tri·

224 2347 337 2406 butum.
377 2347 428 2406 lix
449 2347 518 2425 ipso
539 2353 638 2406 autem
659 2347 812 2406 titulorum
833 2347 954 2406 illorum
975 2347 1084 2406 aetatis
1105 2347 1278 2408 discrimine
1298 2351 1459 2410 notationis
1481 2371 1554 2428 quo-

223 2465 284 2522 que
306 2447 467 2508 discrimen
488 2447 617 2508 fortasse
639 2449 708 2524 qnia
724 2447 869 2523 explicet3
892 2457 941 2506 est
953 2447 1033 2506 enim
1048 2448 1247 2521 notisaImum,
1270 2451 1368 2509 solere
1381 2451 1443 2510 fere
1457 2461 1554 2512 aetate
1664 2469 1669 2476 ·

224 2549 394 2625 antiquiore
414 2549 444 2606 in
465 2549 573 2625 legatis
595 2547 756 2625 praefectis
779 2548 907 2608 tribunis
929 2547 1125 2624 praetermitti
1148 2549 1318 2624 copiarum,
1339 2551 1447 2626 quibua
1468 2571 1554 2629 prae-

224 2648 343 2721 fuerint,
364 2649 495 2708 uomina.
530 2649 567 2708 Id
581 2649 633 2725 qui
647 2649 760 2720 fecerit,
774 2657 854 2707 rente
868 2647 972 2707 fecerit
984 2649 1016 2707 iu
1030 2648 1126 2708 tituIIs
1148 2668 1177 2707 ιι.
1193 2650 1221 2708 7.
1238 2649 1267 2709 9.
1284 2651 1332 2708 ll.
1352 2652 1399 2709 13.
1415 2651 1465 2722 38,
1487 2672 1553 2712 cum

224 2749 256 2808 in
281 2749 319 2808 iia
344 2769 382 2809 ne
407 2751 532 2829 reliquis
557 2749 678 2826 quidem
703 2747 811 2807 officiis
832 2747 960 2826 legionis
981 2757 1053 2806 nota
1073 2748 1216 2821 addatnr3
1243 2757 1276 2806 at
1296 2767 1453 2826 perperam
1474 2752 1554 2812 idem

226 2851 263 2908 de
288 2851 385 2910 titolis
410 2851 475 2910 ιι.8
495 2859 526 2909 et
547 2849 584 2908 12
606 2849 779 2910 contendet:
806 2865 875 2908 nam
900 2847 931 2906 1ιι
953 2848 1018 2906 ιι.8
1040 2847 1155 2908 duobos
1181 2849 1397 2923 tribunatibus,
1419 2871 1449 2909 n.
1464 2851 1501 2910 12
1524 2862 1555 2913 et

226 2951 444 3010 centurionatui
466 2961 497 3010 et
516 2950 682 3010 tribunatui
702 2949 830 3026 legionis
852 2965 960 3007 nomeu
982 2949 1163 3028 adiungitur.

308 3051 420 3110 Veram
441 3051 531 3110 huius
551 3051 595 3109 rei
616 3050 847 3127 explicationem
868 3067 905 3108 ea
925 3049 1133 3126 suppeditant,
1161 3067 1240 3126 qnae
1260 3050 1300 3110 ab
1322 3051 1495 3112 auctoribus
1516 3054 1554 3112 de

226 3152 416 3228 praefectura
434 3161 603 3211 oasmorum
624 3150 790 3210 uaduntur.
826 3149 902 3208 Inde
923 3151 1002 3209 enim
1024 3151 1152 3227 primum
1174 3151 1232 3210 boo
1247 3151 1380 3224 discitur,
1402 3151 1554 3230 haudqua-

225 3270 315 3327 quam
341 3253 502 3329 uniouique
527 3251 638 3330 legioni
665 3249 788 3310 saeculo
812 3250 910 3326 primo
936 3269 1023 3310 sunm
1049 3251 1145 3310 fuisse
1170 3251 1356 3328 praefectum
1377 3261 1553 3327 caenosum,

227 3353 282 3412 sed
309 3353 435 3412 eundem
464 3370 555 3428 saepe
582 3351 686 3410 eodem
715 3358 850 3428 tempore
876 3351 1013 3428 pluribus
1038 3351 1220 3430 praefulsser
1247 3353 1305 3412 hoc
1330 3353 1409 3413 cuim
1437 3372 1556 3432 semper

227 3453 350 3524 accidit,
377 3455 404 3512 si
428 3453 536 3512 iisdem
558 3451 666 3512 casule
688 3451 748 3510 duo
769 3453 818 3510 val
839 3451 940 3530 plures
961 3453 1096 3530 legiones
1117 3453 1311 3512 habebantur.
1353 3453 1402 3513 Ita
1422 3455 1453 3512 1ιι
1476 3456 1555 3514 sedi·

228 3553 307 3612 tione
327 3553 479 3630 legionum
494 3553 735 3612 Pannonicorum
757 3552 801 3628 (n.
816 3551 849 3627 6)
871 3552 1005 3630 legiones
1020 3553 1097 3612 VIII
1111 3556 1291 3633 Augustam,
1311 3554 1360 3613 lx
1375 3553 1554 3632 HIspanam‚

227 3653 288 3712 xv
310 3653 535 3731 ApoIIInarem,
562 3671 640 3728 quae
666 3651 774 3712 iisdem
802 3652 892 3712 siurul
919 3655 1028 3712 castris
1055 3655 1179 3714 aestiuis
1204 3655 1408 3727 habebantur,
1430 3655 1555 3716 Tacitus

207 3763 330 3818 ,narrat
350 3755 388 3813 ab
410 3754 504 3814 exitio
524 3754 615 3830 legati
637 3753 718 3812 haud
739 3753 864 3814 multum
887 3753 1036 3813 abfuisse:
1066 3755 1192 3814 tribum
1215 3765 1307 3816 tunso
1327 3775 1363 3815 oo
1379 3761 1556 3834 praesectum

306 3999 329 4062 ¹)
356 4001 399 4050 De
422 4016 529 4052 numero
551 4001 740 4065 praefectorum
760 4006 901 4050 metrorum
920 4001 1034 4064 Aegypti
1053 3999 1116 4064 quid
1134 3999 1296 4050 statuendum
1315 4000 1363 4061 sit,
1387 4013 1421 4050 ex
1439 4001 1471 4050 ils
1489 4015 1556 4066 qnae

229 4090 297 4140 infra
316 4091 463 4142 docebimus
482 4092 624 4157 apparebit.
662 4091 720 4153 Quo
742 4097 857 4155 tempore
876 4089 964 4140 titulus
982 4105 1008 4140 ιι.
1023 4091 1058 4140 24
1076 4089 1175 4156 positus
1194 4096 1245 4152 est,
1271 4089 1299 4140 in
1318 4089 1439 4153 Aegypto
1458 4097 1487 4139 nt
1504 4105 1556 4141 unu

229 4181 298 4246 lagio
321 4181 473 4249 slngulaqne
498 4189 581 4233 casua
602 4183 746 4248 leglouarIa
768 4182 806 4231 ita
828 4195 893 4232 nnus
917 4187 1058 4230 caseorum
1081 4179 1226 4245 praefectus
1250 4187 1305 4229 erat
1323 4179 1421 4229 scilicet
1439 4181 1555 4230 Alexan·

230 4272 334 4336 drinua;
352 4275 437 4338 primo
456 4274 560 4324 saeculo
579 4289 630 4339 qno
649 4273 758 4323 dlrsrsis
776 4273 866 4322 castris
885 4271 1028 4336 complures
1046 4271 1082 4320 ibi
1099 4269 1261 4320 habebantur
1272 4269 1386 4334 legiones
1405 4269 1510 4332 (Strabo
1522 4273 1555 4321 17

229 4377 256 4426 p.
269 4364 331 4414 737.
348 4365 401 4416 307
412 4363 444 4426 O)
464 4371 526 4430 quot
544 4371 630 4416 casua
647 4371 686 4416 tot
704 4363 826 4428 praefacti
845 4369 931 4426 erant;
951 4377 1020 4412 auno
1036 4364 1071 4413 70
1092 4362 1148 4412 sina
1167 4361 1247 4411 dublo
1264 4361 1316 4411 duo
1336 4367 1423 4424 erant,
1447 4376 1557 4426 qnorum

229 4453 296 4504 alter
322 4461 361 4534 est
378 4456 508 4506 Literqus
526 4456 638 4517 Fronto,
662 4455 824 4519 praepositus
847 4453 1007 4505 semilatiooi
1033 4453 1163 4518 legionum
1182 4453 1224 4504 III
1242 4451 1401 4517 Ογτοιιιίοιιο
1425 4459 1451 4504 at
1474 4453 1557 4504 xxn

230 4543 416 4596 Deletarianaa
434 4546 462 4596 iu
480 4547 605 4598 Iudaeam
623 4546 716 4596 missae
734 4545 766 4596 cf.
786 4559 864 4611 supra
881 4560 907 4610 p.
921 4546 1002 4610 disq.
1022 4559 1049 4594 n.
1063 4545 1107 4596 21.

306 4632 332 4696 ²)
361 4635 463 4687 Titulos
486 4653 512 4687 u.
527 4639 571 4688 22.
589 4637 634 4688 24.
653 4637 696 4686 23.
717 4636 762 4686 35.
783 4635 817 4686 46
842 4651 895 4686 nou
918 4635 1007 4698 citari,
1038 4651 1095 4685 cum
1118 4634 1146 4684 1ιι
1169 4633 1218 4685 bac
1237 4635 1387 4700 quaestione
1405 4634 1511 4685 omniuo
1530 4635 1557 4684 in

232 4724 369 4776 discrimen
387 4742 441 4776 non
459 4729 576 4788 veniant3
601 4728 627 4777 in
646 4727 722 4776 titulo
741 4743 766 4776 ιι.
781 4727 815 4775 22
834 4725 981 4776 Memnonia
1000 4731 1099 4776 statuam
1118 4725 1241 4789 iuscripta
1260 4731 1287 4774 et
1304 4725 1332 4774 in
1350 4726 1463 4775 carmiue
1482 4741 1508 4775 u.
1522 4725 1557 4775 35

232 4813 258 4864 fd
281 4823 397 4879 apertum
420 4825 472 4880 est,
497 4819 543 4868 sed
567 4819 595 4868 in
619 4818 698 4867 titulis
721 4831 823 4881 quoque
847 4833 872 4866 u.
891 4817 926 4866 43
952 4815 1148 4876 (cornicularius
1172 4811 1283 4866 Oostrioi
1306 4813 1414 4865 Proculi
1431 4813 1559 4880 praefecti

231 4907 379 4968 castrorum)
404 4914 430 4956 et
452 4925 478 4958 n.
493 4911 527 4958 23
553 4904 727 4974 (Nepotianus
745 4905 831 4974 praes.
856 4912 918 4956 caet.
937 4921 991 4956 cam
1009 4903 1135 4957 Marcello
1154 4913 1200 4956 cet.
1214 4905 1282 4972 filiis
1300 4903 1443 4966 dedicauit)
1463 4905 1559 4955 omissa

231 4997 299 5061 legio
318 4998 384 5048 nihil
402 4997 508 5049 baberet
526 4999 690 5060 offensionis,
714 4998 761 5047 etsi
780 5003 909 5047 constaret
925 5004 951 5048 et
969 4997 1107 5048 Proculam
1126 5003 1152 5047 et
1170 4997 1344 5062 Nepotianum
1363 4995 1467 5060 propris
1483 5010 1559 5061 prae·

225 5087 310 5151 sectos
333 5094 472 5139 cornorum
497 5089 604 5156 legionis
626 5089 698 5140 iliius
722 5089 804 5139 dictos
828 5089 915 5140 fuisse.
952 5088 1008 5140 Nec
1032 5089 1059 5140 iu
1081 5099 1109 5139 tr.
1124 5089 1159 5139 24
1183 5103 1215 5138 er
1240 5103 1286 5138 usu
1306 5085 1472 5152 epigrapbico
1492 5085 1559 5151 legio

233 5177 402 5230 desideratur.
