3858 5960
427 471 502 543 134
997 479 1179 534 uomusnu

425 660 583 738 (aequales
610 657 689 716 euim
713 655 776 714 iere
797 654 919 715 fuerunt
940 650 1072 714 Sabinus
1093 659 1124 711 et
1144 649 1334 726 Honoratus)
1356 648 1423 708 viae
1443 650 1573 710 Latinae
1593 651 1671 712 dnae
1691 653 1757 712 fue·

423 768 496 820 runt
522 767 608 818 vetus
636 765 666 816 et
696 774 789 827 nova3
821 763 952 814 ceterum
984 753 1057 812 mihi
1088 753 1125 810 de
1157 759 1263 810 neuma
1294 759 1413 810 constat
1438 751 1619 828 videantque
1648 755 1685 814 de
1715 753 1756 812 iis

425 862 505 920 docti
526 860 634 919 Italiac
654 857 833 935 periegetae.
848 887 889 898 -
918 853 1081 913 Curatores
1108 854 1175 912 viae
1196 851 1324 910 Latinae
1350 869 1387 910 co
1408 861 1542 928 ternpore
1564 861 1652 912 notos
1674 872 1754 912 conr-

423 962 527 1038 posuit
553 959 740 1036 Borghesius
773 975 842 1033 opp.
871 957 906 1028 4,
936 956 1004 1014 133.
1052 953 1286 1013 Observandum
1319 961 1367 1012 est
1397 971 1499 1012 coram
1531 954 1598 1011 viae
1625 953 1756 1014 Latinae

424 1069 455 1120 et
480 1047 698 1139 praefecturam
724 1058 932 1116 alimentorum
960 1057 1023 1115 sive
1049 1054 1184 1114 eiusdem
1210 1053 1342 1132 regionis
1369 1053 1433 1112 sive
1454 1053 1592 1114 diversae
1613 1055 1753 1130 (provin-

424 1163 473 1220 cia
499 1161 578 1220 enim
604 1179 665 1218 non
690 1158 870 1229 enuntiatur,
895 1167 929 1216 ut
954 1175 1044 1233 saepe
1069 1155 1103 1214 fit
1126 1156 1159 1214 in
1183 1155 1241 1214 hoc
1262 1154 1376 1230 allicio)
1403 1154 1434 1214 io
1456 1155 1514 1213 hoc
1533 1155 1622 1214 titulo
1642 1157 1686 1216 ita
1706 1175 1755 1215 se·

423 1263 539 1338 parari,
568 1269 601 1320 ut
622 1257 764 1320 Sabinum
786 1258 915 1333 primum
936 1257 1019 1316 illem
1041 1255 1175 1334 gessisse
1196 1263 1355 1332 appareat,
1382 1253 1489 1313 deinde
1510 1263 1579 1332 post
1600 1257 1756 1332 complura

424 1363 636 1422 aliamuuera
660 1359 857 1436 provincialia
883 1359 960 1416 hanc
985 1357 1147 1433 accepisse.
1190 1354 1280 1416 Unde
1305 1355 1504 1432 colligendum
1533 1365 1580 1414 est
1599 1376 1636 1416 ea
1655 1357 1757 1416 officia

425 1479 482 1522 sua
506 1471 614 1522 natura
639 1461 773 1522 seiuncta
797 1467 826 1519 et
853 1459 947 1518 fuisse
975 1468 1005 1517 et
1032 1475 1151 1536 semper
1176 1457 1337 1528 mansisse,
1366 1463 1397 1514 et
1422 1475 1489 1515 cum
1518 1475 1607 1532 saepe
1633 1457 1755 1517 coniun-

424 1563 590 1640 gantur¹)‚
617 1572 717 1622 tamen
743 1561 794 1638 qui
819 1561 927 1619 dicitur
943 1560 1107 1634 proqsectau
1128 1558 1325 1616 alimentorum
1342 1575 1398 1632 per
1420 1557 1588 1629 Anartium,
1616 1543 1755 1618 eumue·

425 1681 577 1739 quaquam
604 1663 674 1722 inde
701 1663 786 1739 sequi
809 1662 874 1720 viae
901 1679 1021 1737 quoque
1048 1661 1113 1719 eius
1141 1675 1243 1718 curam
1269 1657 1361 1716 simul
1387 1657 1488 1733 egisse
1513 1665 1544 1716 et
1569 1659 1633 1718 vioe
1656 1678 1754 1720 versa.

424 1763 618 1822 Reicieudum
639 1763 741 1840 igitur,
765 1761 845 1838 quod
866 1769 935 1822 ante
956 1761 1012 1819 hos
1034 1759 1145 1820 multos
1166 1777 1262 1818 annos
1284 1753 1483 1834 Hauserat)
1505 1761 1621 1836 posuit,
1644 1769 1755 1820 utrum-

425 1881 483 1940 que
505 1881 613 1924 munus
634 1882 690 1941 pro
711 1880 771 1923 uno
793 1861 958 1938 eodemque
980 1860 1149 1920 habendum
1169 1877 1247 1920 esse.

582 1965 616 2035 9.
669 1960 848 2036 Iuridious
875 1985 942 2059 per
968 1957 1161 2032 Aemiliam
1188 1969 1226 2032 et
1251 1956 1450 2057 Liguriam.

508 2083 585 2142 Vide
606 2101 684 2159 quae
705 2082 860 2158 composui
883 2083 914 2140 in
936 2081 1171 2157 gromaticorum
1193 2080 1324 2139 editione
1339 2078 1586 2140 Lachmauniaua
1608 2080 1724 2155 2,193.

583 2187 640 2255 10.
694 2180 854 2280 Legatos
877 2179 1048 2278 l[egionis
1074 2177 1455 2278 duo]etvicensim[ae]
1473 2179 1754 2378 pr[im}igeniae.

508 2301 594 2363 llaec
613 2319 674 2361 non
694 2303 767 2379 legit
780 2301 938 2360 Penarius.
974 2301 1011 2358 In
1033 2311 1140 2378 ectypo
1163 2299 1238 2360 satis
1261 2307 1343 2360 certe
1365 2307 1511 2377 apparent
1525 2301 1578 2358 reli
1602 2302 1668 2360 uiae
1682 2302 1754 2360 hae:

426 2388 560 2498 recursi
578 2419 615 2462 ετ
629 2419 785 2463 vtcsnsrrn.
800 2404 879 2474 riter
901 2401 957 2460 fuit
978 2402 1012 2464 in
1030 2401 1132 2477 lapide
1153 2415 1353 2462 securiaco
1369 2397 1373 2480 l
1391 2417 1426 2458 ετ
1439 2416 1584 2460 vrcsnsun
1599 2418 1713 2462 aarum.

583 2507 641 2576 11.
694 2500 933 2600 Praepositus
951 2497 1169 2598 vexissla]ris
1188 2497 1428 2575 Germanicae
1446 2500 1704 2599 expeditionis.

510 2622 587 2684 Cum
614 2634 645 2684 et
669 2623 706 2683 de
732 2643 811 2682 anno
833 2621 1006 2682 consulatus
1028 2620 1133 2682 Sabini
1156 2627 1273 2680 constet
1294 2631 1323 2680 et
1344 2621 1444 2698 ipsum
1466 2622 1567 2699 paullo
1588 2631 1658 2699 post
1678 2624 1755 2684 hanc

426 2725 647 2800 expeditionem
670 2725 797 2783 adeum
818 2723 991 2800 pervenisse
1012 2731 1125 2780 certum
1147 2723 1196 2794 sit,
1218 2727 1298 2781 recte
1320 2723 1441 2780 omnino
1456 2722 1652 2782 Minervinius
1670 2725 1755 2783 iutel-

425 2825 501 2884 lexit
526 2825 746 2903 expeditionem
775 2823 987 2884 Germanicam
1014 2821 1189 2882 Caracallus
1216 2843 1243 2882 a.
1260 2819 1320 2881 213
1349 2843 1443 2900 nuper
1470 2823 1651 2883 illustratam
1680 2826 1756 2884 actis

426 2927 586 2984 Arvalium
607 2926 745 3002 proxime
766 2925 893 3000 repertis
915 2923 1056 2999 (Hennen
1075 2925 1163 2982 relos.
1184 2941 1214 2999 p.
1231 2923 1294 2999 75).
1337 2923 1410 2982 Inde
1436 2923 1595 2985 didicimus
1620 2945 1656 2984 eo
1676 2945 1756 2984 anno

427 3025 476 3084 die
496 3027 576 3103 Aug.
594 3028 630 3084 11
654 3027 762 3085 fratres
785 3033 856 3084 vota
876 3026 998 3097 secisse,
1025 3026 1103 3101 quod
1124 3025 1254 3084 dontinus
1366 3041 1422 3100 per
1443 3025 1557 3084 limitem
1578 3027 1696 3086 Baetim
1716 3029 1758 3085 ad

427 3127 519 3184 torres
546 3129 729 3202 exornandos
756 3125 944 3184 tartarorum
968 3124 1108 3201 [stnec]³)
1134 3127 1304 3184 introiturus
1326 3133 1379 3198 ert,
1405 3125 1475 3183 item
1503 3125 1550 3184 die
1572 3125 1674 3188 oenc
1700 3128 1756 3186 im·

427 3225 591 3284 molavisse
619 3227 652 3284 ob
678 3228 798 3284 sulutem
826 3228 1030 3300 uictoriamque
1062 3224 1262 3284 Germanicam
1290 3225 1488 3301 imperatoris.
1539 3227 1590 3287 Ab
1619 3247 1656 3287 eo
1685 3227 1756 3288 inda

427 3343 505 3384 anuo
533 3326 653 3386 demum
673 3325 844 3402 imperatori
869 3324 1041 3385 Germanici
1062 3344 1170 3384 nomen
1193 3325 1390 3402 tribuitur⁴),
1418 3345 1514 3403 neque
1536 3330 1697 3405 scriptores
1718 3331 1756 3390 de

427 3446 464 3486 ea
492 3428 681 3504 expeditione
710 3428 799 3504 plane
828 3426 974 3502 tacentt).
1024 3425 1104 3485 Huic
1134 3429 1321 3503 expeditioni
1347 3429 1481 3488 interfuit
1510 3427 1641 3490 Sabinus
1669 3450 1756 3507 prae-

427 3528 542 3604 positus
572 3528 738 3587 vexillariis
764 3528 865 3586 neseio
892 3527 1001 3603 quibus
1029 3528 1068 3586 ad
1095 3546 1161 3586 eam
1190 3531 1291 3590 missis
1319 3539 1350 3590 et
1375 3547 1475 3622 comes
1497 3531 1593 3608 ipsius
1616 3530 1754 3608 Augusti.

432 3691 636 3704 —n——nn—

505 3805 529 3868 ¹)
558 3808 635 3858 quta
653 3815 783 3872 ponuntur
801 3809 913 3860 honores
931 3809 1038 3860 meliore
1052 3817 1137 3862 aetate
1149 3811 1234 3862 forma
1247 3826 1299 3860 non
1312 3817 1418 3874 mutate,
1438 3818 1467 3860 ut
1477 3812 1508 3862 L.
1521 3811 1643 3862 Minicius
1655 3812 1756 3862 Natalis

429 3912 480 3947 eos.
501 3915 523 3948 c.
536 3913 560 3948 a.
575 3901 627 3948 127
647 3900 740 3950 dicitur
758 3907 839 3951 curat.
859 3901 917 3950 mue
929 3898 1050 3963 Flamin,
1068 3901 1151 3968 praef.
1172 3901 1311 3952 elimentur.
1332 3901 1449 3963 (chzen
1467 3917 1493 3952 u.
1508 3903 1593 3965 6498;
1612 3903 1704 3952 similis
1718 3910 1756 3952 est

429 4003 455 4038 n.
470 3987 565 4050 6502),
590 3992 709 4056 sequiora
727 3999 772 4040 aut
791 3992 979 4056 coniunguntur
997 3993 1094 4042 inserta
1112 3993 1218 4057 copula,
1244 4001 1272 4042 ut
1291 3993 1321 4044 C.
1339 3993 1458 4044 Luxilius
1476 3992 1590 4046 Sabinus
1609 3994 1649 4043 vir
1666 3993 1756 4043 aetatis

429 4077 578 4130 Gordianos
598 4081 691 4132 dicitur
709 4097 761 4132 eur.
782 4083 848 4132 viar.
868 4089 892 4132 et
905 4081 991 4150 praes.
1012 4079 1120 4133 ulimeat.
1144 4080 1248 4133 Clodiae
1266 4089 1291 4133 et
1309 4081 1431 4134 colment.
1452 4081 1542 4145 (Orell.
1557 4083 1639 4144 3143)
1658 4090 1701 4134 aut
1720 4084 1757 4133 ita

429 4169 628 4233 eonimrduntur,
648 4181 677 4222 ut
695 4188 756 4224 cura
774 4175 831 4224 ulae
850 4175 927 4223 etiam
945 4174 980 4224 ad
992 4175 1114 4224 mimante
1126 4174 1279 4239 porrigatur,
1299 4189 1350 4240 qno
1363 4176 1492 4239 pertinent
1504 4181 1585 4225 curat.
1597 4174 1655 4225 oioe
1668 4171 1755 4224 sator.

430 4267 454 4312 ct
473 4260 645 4312 alimentorum
664 4263 780 4324 (Henzsn
799 4264 881 4326 7420)
901 4265 1047 4330 similesque
1060 4265 1183 4326 (Henzen
1202 4279 1261 4316 aun.
1281 4265 1341 4316 inat.
1363 4267 1433 4318 1844
1451 4281 1477 4331 p.
1492 4261 1548 4327 tr).

506 4348 531 4412 ²)
559 4352 630 4402 Ann.
650 4354 709 4402 inst
731 4356 802 4405 1844
821 4371 847 4420 p.
861 4356 905 4404 48.
926 4355 997 4406 1846
1016 4371 1042 4419 p.
1057 4357 1173 4422 226seq.

506 4438 531 4501 ³)
559 4439 638 4492 Fines
655 4443 809 4494 vocabulum
828 4446 943 4496 similene
961 4447 1072 4511 scriptor
1091 4447 1186 4498 omisit.

506 4527 531 4590 ⁴)
562 4531 661 4582 Eckhel
685 4535 710 4596 7,
737 4536 798 4586 209.
845 4535 922 4597 Quod
949 4539 1068 4602 opposuit
1094 4539 1231 4588 Hennenus
1260 4537 1337 4588 retur.
1366 4554 1392 4603 p.
1416 4539 1449 4589 78
1477 4537 1511 4588 ab
1538 4537 1678 4588 Arralibus
1705 4539 1757 4588 iam

430 4633 454 4668 a.
469 4619 522 4669 213
541 4621 605 4670 Mai.
620 4625 655 4672 20
678 4624 828 4688 imperatori
851 4628 989 4679 acclamari
1009 4626 1289 4690 camusnanesre,
1317 4627 1366 4690 dp)
1392 4627 1435 4690 t(e)
1459 4627 1593 4690 dementit
1617 4628 1681 4678 mihi
1704 4643 1758 4678 cre·

429 4709 500 4760 ditur
522 4711 616 4762 ominis
639 4715 697 4764 loco
721 4715 818 4767 iactum
844 4731 900 4769 esse
924 4725 1030 4784 propter
1056 4720 1152 4770 bellum
1176 4733 1239 4770 mox
1264 4719 1419 4786 patrandum
1442 4725 1469 4769 et
1490 4719 1600 4770 fortune
1627 4721 1679 4769 ism
1704 4725 1758 4768 tum

431 4807 557 4866 coeptum.

507 4891 532 4953 ὅ)
560 4895 652 4947 Victor
671 4895 744 4946 Caes.
771 4897 818 4960 21,
839 4899 870 4949 2:
895 4899 1051 4950 Alamannos
1072 4907 1167 4966 gentem
1188 4899 1337 4967 populosam
1359 4915 1390 4952 c:
1407 4915 1470 4966 equo
1488 4899 1593 4965 mirifice
1605 4904 1760 4966 pugnantem

429 4997 508 5048 propa
527 4979 643 5036 Moenum
666 5001 759 5037 omnem
782 4987 883 5040 decicit.
909 4992 983 5072 'Vita
1000 5008 1023 5042 c.
1037 4993 1068 5043 dr
1091 4993 1162 5042 circo
1180 4990 1295 5042 Roenner
1314 5007 1364 5042 aon
1377 5005 1478 5058 pouces
1496 4988 1621 5042 boeborm
1639 4989 1760 5041 interemit

431 5071 569 5140 militesque
587 5092 645 5129 mor
664 5079 738 5146 quari
756 5076 845 5132 Sullae
863 5081 954 5134 militer
972 5081 1158 5136 eccotonmm
1176 5085 1213 5135 'est
1230 5089 1255 5136 et
1273 5081 1385 5135 donauit.
1422 5081 1477 5134 Dio
1491 5083 1535 5147 tt,
1552 5083 1595 5136 18.
