3858 5960
649 609 698 659 nn
716 608 926 664 rossanoro
943 609 1124 664 nnoronrs.
1472 599 1543 670 103

149 790 154 796 '
215 780 380 858 praefectis
403 780 554 858 legionum
575 780 683 840 aetatis
704 782 851 857 sequioris
873 782 995 842 omnino
1016 782 1166 842 divorsum
1188 801 1257 844 esse
1278 785 1468 844 manifestum
1490 796 1544 846 est.

220 881 361 941 Vitellius
388 891 488 940 autem
511 878 692 940 Saturninus
713 901 733 940 a
753 881 861 942 Tacito
883 892 1128 942 commemoratus
1150 893 1181 942 et
1201 883 1236 942 1..
1259 881 1412 944 Commius
1434 884 1545 947 Secun-

217 982 309 1040 dinus
335 991 439 1057 aperto
464 981 684 1052 demonstrant,
710 982 860 1056 quomodo
886 983 998 1042 factum
1019 985 1072 1055 sit,
1099 993 1132 1041 ut
1153 1003 1260 1044 munus
1280 1002 1387 1044 nomen
1408 994 1544 1046 mutaret.

219 1080 262 1140 Ut
290 1081 372 1142 enim
399 1083 430 1142 in
458 1082 612 1140 tribunatu
640 1081 768 1140 rnilitum
797 1083 924 1159 legionis
954 1083 1128 1160 saepissime
1155 1085 1194 1142 ob
1222 1086 1395 1146 brevitatem
1424 1088 1546 1146 verbum

218 1181 339 1242 utilitum
365 1184 558 1244 omittebatur
585 1182 819 1259 simpliciterque
840 1182 977 1243 homines
999 1184 1182 1242 vocabantur
1203 1185 1314 1244 tribuni
1334 1185 1478 1262 legionis,
1503 1187 1547 1244 ita

218 1282 251 1338 in
272 1282 435 1358 praefectis
457 1291 626 1342 castrorum
645 1282 773 1360 legionis
795 1283 916 1342 verbum
937 1295 1093 1344 ooaooram
1114 1285 1335 1345 extrudebatur.
1376 1283 1467 1359 Quod
1487 1287 1547 1364 pri·

219 1399 303 1440 mom
330 1383 398 1441 sine
425 1383 516 1440 dubio
542 1383 574 1442 in
599 1399 655 1441 usu
677 1382 850 1458 quotidiano
871 1383 981 1442 factum
1002 1395 1049 1442 est
1070 1395 1100 1443 et
1121 1401 1257 1444 sermone
1279 1386 1376 1444 minus
1397 1395 1546 1458 accurato,

219 1481 307 1540 cuius
329 1483 373 1540 rei
395 1483 567 1560 exemplum
589 1492 659 1542 sunt
673 1483 771 1541 Taciti
791 1483 881 1544 rerba
901 1501 993 1559 supra
1014 1484 1122 1556 adlata,
1144 1485 1250 1544 deinde
1272 1485 1393 1544 saeculo
1415 1486 1546 1545 secundo

219 1581 319 1658 magis
346 1583 487 1654 invaluit,
515 1593 548 1640 ut
574 1583 605 1640 in
627 1583 711 1659 ipsos
732 1582 835 1640 titulos
857 1584 1021 1659 inreperet;
1049 1583 1177 1645 Severus
1198 1585 1324 1660 denique
1352 1586 1456 1662 primis
1481 1604 1546 1646 sae·

218 1681 279 1740 culi
307 1681 386 1742 tertii
412 1683 669 1758 annis·pracfecti
691 1691 858 1742 castrorum
879 1703 989 1743 nomen
1011 1685 1134 1744 sustulit
1153 1702 1319 1762 munusque
1335 1687 1546 1762 praefecturam

219 1781 342 1858 iapiooia
368 1783 515 1870 appellari
542 1783 638 1842 iussit.
681 1783 717 1842 L.
740 1781 892 1860 Cirpinius
918 1794 1017 1844 utrum
1041 1785 1146 1844 eodem
1173 1785 1261 1844 modo
1287 1804 1346 1861 quo
1369 1783 1547 1858 Saturninus

219 1891 251 1940 et
272 1881 461 1944 Secundinns
486 1884 658 1961 praefectus
684 1883 811 1959 legionis
839 1885 936 1944 dictus
964 1886 1018 1957 sit,
1045 1905 1083 1944 an
1111 1885 1188 1944 alius
1209 1885 1328 1962 generis
1350 1887 1440 1946 fuerit
1460 1906 1547 1964 prae-

219 1983 317 2042 fectus
339 1983 622 2062 componeudusqne
644 2001 710 2042 cum
723 1983 759 2043 L.
775 1984 917 2046 Memmio
939 1985 1071 2048 eiusdem
1092 1985 1153 2044 fere
1174 1987 1280 2046 aetatis
1297 1987 1465 2064 bomino¹),
1487 2007 1547 2048 non

218 2083 362 2144 diiudieo.
423 2105 429 2116 ·

303 2185 438 2244 Notitiae
464 2185 592 2260 denique
617 2184 809 2260 dignitatum,
838 2201 913 2260 quas
940 2187 1060 2246 saeculo
1086 2195 1194 2262 quarto
1220 2196 1349 2248 exeunte
1373 2189 1423 2248 vel
1449 2189 1547 2264 quinti

218 2285 307 2346 initio
334 2285 418 2360 (anto
444 2305 470 2344 a.
487 2285 562 2360 408)
588 2286 772 2362 conscriptas
799 2301 866 2344 esse
893 2295 995 2345 notum
1023 2296 1083 2358 est,
1110 2288 1277 2364 praefectos
1302 2288 1453 2366 legionum
1474 2308 1547 2348 enu-

219 2394 337 2446 merant
358 2394 500 2462 quattuor
521 2403 614 2460 supra
635 2391 762 2456 contum,
784 2401 860 2461 quos
882 2403 986 2444 omnes
1008 2388 1064 2446 hoo
1085 2387 1152 2446 loco
1170 2405 1281 2463 ponere
1295 2407 1547 2466 supervacaneum

219 2487 318 2546 visum
343 2497 415 2546 eso·
441 2486 491 2556 De
516 2485 583 2546 loeo
609 2503 699 2560 quem
726 2485 845 2544 saeculo
871 2495 977 2562 quarto
1005 2495 1133 2546 exeunte
1159 2488 1237 2547 inter
1264 2489 1381 2565 reliqua
1408 2490 1548 2550 militaria

218 2606 346 2646 munera
366 2587 568 2658 obtinuerunt,
589 2587 657 2645 inde
679 2585 831 2662 colligitur
850 2603 903 2646 eos
925 2586 1069 2662 dignitate
1091 2587 1261 2664 superiores
1280 2588 1374 2648 fuisse
1388 2591 1548 2664 praefectis

218 2687 357 2760 rnilitum,
382 2705 583 2758 numerorum,
605 2687 748 2761 equitum,
770 2685 895 2756 alarum,
917 2686 1068 2758 classium,
1091 2687 1278 2763 tribunisque
1299 2689 1474 2760 cohortium,
1496 2691 1548 2765 qui

219 2789 252 2846 in
280 2788 407 2864 singulis
434 2788 655 2863 provinciarum
683 2785 836 2845 laterculis
864 2785 978 2862 passim
1007 2796 1291 2846 commemorantur:
1321 2805 1440 2864 semper
1467 2789 1548 2847 enim

219 2898 289 2948 unte
315 2907 368 2948 eos
394 2897 597 2960 recensentur,
623 2886 757 2964 exceptis
786 2885 890 2961 paucis
918 2885 983 2958 ubi,
1011 2893 1043 2944 ut
1067 2885 1099 2944 in
1124 2886 1211 2944 litore
1233 2883 1385 2946 Saronico
1407 2906 1461 2964 per
1481 2887 1547 2946 Bri·

220 2991 354 3048 tanniam
376 2989 466 3065 (Oce.
487 3008 516 3065 p.
533 2987 600 3064 90),
621 2987 695 3046 ordo
717 2996 769 3045 aut
789 2985 932 3044 confusus
955 2995 1007 3044 aut
1028 2987 1067 3044 ob
1089 2987 1164 3046 alias
1186 3005 1293 3047 causas
1314 2989 1451 3048 inversus
1466 2989 1547 3050 vide·
1607 2973 1616 2982 ⁶

209 3097 269 3148 ‚tur
290 3107 366 3148 esse.
403 3088 479 3149 Cum
502 3099 602 3148 autem
621 3094 740 3164 praeter
761 3105 852 3148 unum
874 3087 1057 3164 praefectum
1078 3087 1206 3164 legionis
1219 3086 1281 3146 VII
1299 3089 1436 3166 geminae
1457 3087 1546 3164 (Oen.

221 3211 249 3268 p.
269 3189 341 3265 119)
364 3208 468 3250 omnes
491 3189 553 3248 sint
573 3189 628 3248 sub
650 3188 848 3264 dispositione
869 3187 1002 3246 virorum
1023 3187 1231 3264 spectabilium
1252 3188 1375 3261 ducum,
1404 3189 1547 3268 dignitate

208 3310 273 3352 ‚eos
293 3291 342 3350 his
363 3291 520 3368 inferiores
541 3290 637 3348 fuisse
658 3299 792 3366 apparet.
834 3288 946 3352 Errare
973 3290 1065 3367 igitur
1086 3289 1150 3348 sinc
1172 3289 1262 3348 dubio
1276 3290 1422 3366 Vegetioa
1444 3288 1487 3364 (2,
1503 3288 1547 3364 9),
1600 3329 1605 3338 ·

208 3394 247 3452 ,si
269 3393 388 3469 quidem
408 3399 489 3450 recte
510 3390 596 3450 nobis
618 3391 708 3450 rerba
730 3391 796 3448 eius
818 3389 928 3450 tradita
949 3397 1028 3464 sunt,
1053 3390 1220 3466 praefectos
1242 3389 1368 3466 legionis
1390 3391 1548 3449 comitivae

207 3494 309 3570 ‚primi
330 3493 443 3552 ordinis
465 3492 640 3568 dignitatem
661 3491 804 3562 habuisse
825 3491 926 3562 refert,
948 3509 1009 3566 qua
1029 3491 1147 3567 quidem
1170 3509 1208 3550 ne
1230 3489 1322 3550 duces
1343 3490 1463 3566 quidem
1478 3509 1547 3566 pro·

220 3595 385 3654 vinclorum
406 3609 511 3652 omnes
533 3592 631 3650 ornati
652 3590 776 3664 fuerint,
810 3591 863 3650 sed
885 3593 993 3650 summi
1014 3599 1137 3651 tantum.
1180 3590 1328 3672 Videntur
1348 3590 1441 3667 igitur
1460 3608 1547 3668 prae·

219 3696 296 3762 fecti¹
311 3694 462 3772 legionum
484 3691 620 3751 eiusdem
640 3691 712 3764 fere,
733 3691 818 3750 cuius
839 3691 991 3766 prioribus
1014 3691 1143 3752 saeculis
1164 3692 1320 3770 dignitatis
1341 3690 1445 3750 fuisse.

303 3795 454 3854 Praesunt
478 3801 578 3852 antem
600 3793 689 3850 modo
708 3791 821 3868 legioni
833 3787 911 3863 ¹toti,
938 3790 1027 3849 modo
1048 3792 1126 3866 parti
1148 3798 1278 3863 tantum,
1304 3791 1360 3850 toti
1381 3791 1409 3850 si
1429 3790 1546 3860 iisdem,

221 3897 299 3972 parti
315 3896 341 3955 si
355 3893 559 3972 compluribus
574 3895 682 3952 castris
697 3893 776 3968 legio
791 3891 931 3950 habetur:
945 3892 1047 3966 itaque
1062 3891 1119 3948 boc
1133 3907 1251 3966 quoque
1265 3899 1397 3966 tempore
1411 3909 1472 3948 non
1486 3897 1547 3948 tom

219 4007 318 4056 certae
332 3997 460 4056 militum
476 3993 575 4052 manui
591 4011 680 4069 quam
696 3993 785 4052 certis
800 3991 906 4050 castris
921 3998 1152 4066 praeponuntur,
1167 3998 1295 4048 nectam
1310 4006 1346 4047 su
1409 4005 1547 4063 quaeque

208 4097 299 4176 ¹legio
319 4097 503 4174 praefectum
524 4095 624 4166 habet,
645 4111 735 4169 quam
758 4110 845 4155 suum
866 4108 1001 4167 quaeque
1022 4099 1130 4149 castra.
1166 4087 1247 4148 Num
1261 4087 1374 4146 auxilia
1423 4103 1457 4146 us
1472 4103 1546 4162 quo·

219 4215 278 4273 que
306 4197 530 4272 equitibusque,
556 4195 610 4269 qui
634 4193 749 4270 passim
775 4192 884 4252 iisdem
910 4191 988 4250 locis
1015 4198 1298 4260 commemorantur,
1325 4186 1545 4262 imperaverint,

219 4299 383 4357 diiudicare
405 4315 466 4355 non
487 4293 598 4364 ausim
620 4295 718 4370 magis
739 4301 839 4352 tamen
860 4291 1034 4351 crediderim
1056 4289 1173 4349 auxilia
1191 4289 1246 4348 illa
1265 4287 1389 4366 propria
1404 4287 1545 4346 habuisse

219 4405 319 4458 eastra
339 4417 359 4455 a
378 4395 553 4474 legionariis
575 4395 711 4453 seiuncta
730 4394 927 4472 propriosque
943 4391 1141 4469 praepositos.
1177 4389 1214 4448 In
1228 4388 1338 4448 tabulis
1352 4387 1431 4447 enim
1445 4386 1544 4464 pictis,

218 4515 297 4574 quae
323 4497 452 4572 singulis
480 4495 653 4554 notitiarum
679 4494 828 4572 capitibus
855 4493 1033 4564 adiciuntur,
1059 4489 1180 4568 saepius
1207 4491 1239 4549 in
1264 4489 1368 4549 eadem
1390 4488 1545 4564 provincia

219 4597 348 4658 dirersis
372 4596 449 4656 loeis
473 4594 607 4656 eiusdem
634 4593 764 4654 nominis
790 4593 850 4654 duo
878 4593 1003 4654 castella
1030 4591 1111 4668 picta
1135 4588 1378 4666 inveniunturt),
1406 4599 1440 4650 ut
1464 4595 1544 4648 recte

295 4853 319 4914 ¹)
348 4853 473 4904 Conferre
497 4853 575 4902 etlam
597 4852 680 4916 possis
697 4847 853 4918 praesectum
871 4849 979 4914 equitum
990 4864 1043 4916 pro
1063 4849 1145 4916 leqoto
1164 4849 1254 4900 aetatio
1272 4849 1327 4900 fere
1344 4843 1478 4913 Augrrstae
1496 4845 1541 4897 Or.

217 4943 299 4994 349.

273 4945 319 5095 8²)
347 5034 410 5084 Not
430 5035 523 5084 orient.
541 5049 567 5096 p.
581 5034 639 5084 aas
652 5038 718 5097 etgr
738 5029 909 5082 eomurum
926 5030 961 5091 (b.
982 5029 1000 5080 d
1019 5029 1139 5092 Amida);
1161 5031 1287 5082 occident.
1306 5045 1331 5094 p.
1346 5029 1380 5078 99
1400 5026 1429 5088 (i.
1449 5041 1465 5076 o
1483 5025 1540 5077 Ma·

216 5123 328 5186 densir);
352 5125 389 5175 90
413 5125 614 5188 cTeutiborgio
636 5124 654 5174 ir
672 5122 834 5174 Teutibartio
852 5121 1046 5186 (corruptum),
1071 5122 1088 5173 d
1110 5121 1244 5188 Burgenae
1268 5143 1301 5158 ·-
1326 5133 1339 5168 r
1360 5113 1540 5182 Burgcn[t]as;

218 5212 243 5273 (e
261 5230 287 5265 m
308 5214 423 5278 Cuccis);
444 5215 470 5276 (b
490 5216 499 5264 l
519 5213 662 5278 Commag
680 5213 704 5275 (i
720 5229 737 5278 p
757 5213 895 5272 Aciminci)
914 5219 962 5264 cet.
1082 5211 1091 5228 ‘
