3826 5962
575 765 874 822 oussnvsnronns
893 763 1010 819 nmen
1023 764 1148 818 xum.
1450 753 1522 826 227
1610 720 1617 729 Ι

193 947 315 1022 pastura¹
335 941 436 1000 arditui
461 937 618 1000 addendus
645 945 693 998 est
717 938 903 998 documentis
930 937 968 997 iis
990 955 1069 1014 quae
1090 935 1128 998 ds
1149 937 1265 999 duobus
1287 939 1358 1003 dliis
1377 949 1450 1004 natu
1470 946 1526 1005 mi-

197 1045 287 1104 nimis
309 1043 350 1102 tt.
374 1040 480 1103 Crassi
499 1039 595 1118 Frugi
616 1038 749 1124 consulis
770 1057 798 1098 a.
814 1037 853 1098 27
880 1057 910 1116 p.
929 1038 997 1098 147.
1019 1037 1078 1097 148
1100 1041 1334 1117 composuimus.
1376 1043 1434 1106 list
1453 1046 1525 1106 item

197 1162 233 1205 eo
256 1143 376 1204 nomine
397 1139 609 1213 memorabilia,
630 1138 713 1216 quod
734 1139 816 1200 solus
838 1138 919 1216 quod
940 1139 1033 1198 sciam
1055 1149 1192 1217 superest
1213 1139 1396 1220 Vespasiani
1416 1146 1526 1222 privati

197 1245 362 1317 etiamtum,
383 1244 455 1304 item
476 1241 559 1302 aolus
578 1257 762 1318 praenomen
781 1240 847 1299 eius
869 1240 951 1316 quod
971 1240 1063 1300 tuerit
1083 1258 1139 1301 nos
1160 1242 1256 1302 docet

282 1343 464 1406 Crassorum
484 1341 581 1421 Prngi
606 1341 711 1401 titulos
738 1341 814 1402 duos
837 1342 913 1402 mihi
933 1339 1077 1402 indicarit
1098 1339 1263 1403 Schoenius
1286 1363 1305 1403 a
1325 1363 1372 1404 me
1393 1356 1526 1424 praeter·

197 1445 321 1519 missos,
343 1443 602 1504 Tarraconensem
622 1441 772 1514 11‚4364=
794 1442 924 1503 Faustus
941 1441 1044 1503 Crassi
1063 1442 1159 1520 diupi
1179 1462 1234 1504 scr.
1257 1453 1288 1504 et
1307 1445 1525 1524 Pompeianum

201 1545 227 1605 Ι.
243 1543 283 1606 N.
300 1543 382 1605 2216
399 1569 436 1596 =
453 1543 548 1603 Orell.
563 1541 659 1604 4326:
682 1543 806 1604 timaus
819 1543 863 1603 M.
882 1542 984 1604 Crassi
1000 1543 1093 1622 Frupt
1113 1562 1191 1622 aquo
1210 1549 1326 1606 morino
1338 1555 1365 1608 et
1378 1547 1526 1625 dolestos)

198 1660 279 1724 aquo
301 1645 389 1706 dulci.
411 1646 568 1704 Ianuarias
590 1643 745 1722 dicasius).
787 1643 844 1704 Ille
870 1643 908 1704 ad
929 1663 1088 1720 quemnam
1109 1646 1257 1722 pertineat
1277 1666 1317 1706 ex
1337 1646 1453 1708 familis
1473 1667 1527 1708 no·

197 1747 328 1819 tissima,
355 1763 442 1805 nemo
470 1743 558 1804 facilc
579 1743 697 1804 dixerit
741 1743 815 1818 Hic,
841 1763 930 1822 quem
955 1751 1027 1805 note
1046 1752 1197 1822 repertum
1218 1763 1287 1808 esse
1307 1748 1339 1808 in
1360 1765 1451 1826 opere
1472 1769 1526 1828 po-

196 1847 288 1908 situm
310 1845 341 1906 in
364 1845 436 1906 villa
456 1863 485 1923 q.
508 1846 537 1905 d.
561 1843 715 1908 Ciceronis
736 1853 822 1906 extra
835 1845 997 1924 Pompeios
1019 1845 1162 1924 oppidum
1184 1847 1307 1925 antiquo
1329 1855 1463 1926 tempore
1486 1852 1525 1912 ad

196 1947 296 2024 ipsum
322 1945 396 2008 litus
425 1947 531 2019 situm,
557 1945 782 2024 componendus
809 1955 857 2006 eet
881 1965 950 2007 cum
975 1945 1043 2006 loco
1070 1946 1164 2006 Plinii
1184 1947 1214 2006 h.
1235 1967 1264 2006 n.
1286 1949 1337 2022 31,
1357 1947 1392 2022 2,
1410 1950 1446 2024 5,
1474 1952 1526 2011 ubi

196 2046 304 2107 laudes
325 2064 469 2124 aquarum
489 2048 522 2108 in
544 2049 611 2108 sinu
629 2047 746 2108 Baiano
767 2047 1006 2108 scaturrientium
1027 2046 1070 2106 ita
1089 2047 1167 2106 unit:
1189 2058 1334 2126 soporant
1354 2059 1380 2109 et
1400 2054 1431 2109 iss
1451 2055 1527 2111 mori

197 2149 262 2224 ipso
288 2165 361 2224 quos
381 2147 478 2208 Metui
501 2147 604 2209 Crassi
621 2151 708 2226 suero
731 2148 891 2224 mediosque
912 2150 985 2208 iuter
996 2149 1103 2224 fluente
1124 2151 1217 2208 existet
1238 2148 1353 2227 aliquid
1372 2150 1528 2212 valetudini

197 2247 336 2308 solatore.
377 2247 458 2309 Nam
482 2256 565 2326 patet
589 2249 721 2328 intellegi
747 2249 785 2308 ab
809 2259 931 2308 auctora
951 2249 1035 2325 ipsas
1055 2248 1125 2309 illas
1147 2249 1279 2310 thermas
1301 2268 1381 2328 aqua
1401 2252 1528 2326 marina,

197 2365 325 2426 quarum
347 2367 537 2427 programma
558 2359 703 2428 superest.
739 2350 781 2409 tl.
804 2347 937 2409 Licinius
952 2347 1084 2409 Oraasus
1101 2347 1196 2428 Frugi
1217 2350 1324 2410 harum
1345 2351 1528 2412 thermarum

197 2447 433 2528 balinearumque
453 2451 592 2512 domiuus
613 2468 793 2528 quemquam
820 2459 920 2527 potest
939 2449 1035 2510 fuisse
1056 2449 1163 2510 consul
1184 2469 1211 2510 s.
1227 2449 1278 2522 tt,
1299 2451 1399 2526 potius
1422 2453 1528 2512 consul

198 2569 226 2610 a.
242 2550 282 2609 64
313 2550 428 2611 videtur
455 2571 473 2611 n
494 2551 596 2611 Plinio
618 2551 765 2628 intellegi,
792 2567 859 2610 cum
880 2551 972 2610 verba
993 2567 1067 2626 qaas
1087 2548 1188 2610 Licinn
1210 2549 1310 2611 Crassi
1323 2553 1409 2628 ficere
1429 2553 1526 2631 magis

199 2651 378 2711 conveniant
408 2651 472 2711 illio
502 2660 572 2711 anta
598 2650 701 2712 decem
733 2668 828 2711 ennos
856 2669 946 2728 quam
973 2651 1095 2728 scripsit
1120 2650 1240 2710 Plinius
1268 2651 1408 2711 defuncto
1436 2670 1526 2727 quem
1631 2735 1635 2744 .

198 2751 278 2829 patri
299 2751 406 2830 viginti
426 2752 544 2814 circiter
564 2753 651 2811 sunia
674 2759 743 2812 ante
763 2751 860 2812 illium
881 2752 990 2810 occiso.

282 2851 442 2914 Postremo
464 2873 554 2932 quam
574 2853 776 2913 coniecturam
797 2853 942 2930 proposui
962 2869 993 2928 p.
1011 2852 1069 2911 147
1091 2851 1156 2911 mi
1179 2851 1215 2912 de
1230 2849 1362 2913 Senecae
1382 2852 1445 2912 ludi
1461 2852 1528 2914 loco

200 2960 341 3029 corrupto
362 2971 388 3014 c.
403 2955 451 3028 ll,
472 2953 597 3015 eandem
618 2964 724 3032 postea
744 2952 899 3013 admonuit
919 2971 967 3011 me
987 2952 1101 3012 amicus
1122 2961 1312 3029 praeceptam
1333 2970 1400 3014 esse
1417 2973 1437 3012 s
1449 2953 1528 3014 Bue-

200 3051 320 3114 chelero
346 3055 379 3113 in
405 3053 534 3116 aditiorm
560 3055 625 3116 cius
650 3054 715 3114 ludi
737 3054 866 3126 minore,
893 3070 983 3130 quam
1008 3051 1156 3130 inspicere
1177 3055 1383 3131 neglexeram:
1413 3054 1530 3114 scilicet

200 3169 257 3229 pro
283 3171 320 3214 eo
347 3154 428 3232 quod
453 3154 522 3216 libri
546 3155 693 3234 praebent
717 3157 873 3215 sandonus
894 3155 1073 3214 arcanorum
1092 3153 1199 3213 uoiiics
1222 3164 1314 3214 tusum
1335 3169 1391 3231 ego
1413 3155 1529 3214 conieci

200 3253 390 3315 scribendum
410 3273 478 3316 esse
501 3260 553 3317 tris
573 3258 605 3317 di
625 3257 850 3327 testacearios,
872 3257 937 3314 item
956 3254 1066 3315 nobiles
1087 3263 1188 3326 tomen,
1210 3253 1413 3314 Buechelerua
1427 3262 1528 3317 autem

199 3358 358 3434 temptavit
380 3361 433 3418 tris
454 3357 579 3418 domines
600 3361 741 3432 assarios,
761 3357 869 3418 nobiles
890 3368 990 3417 tumsn
1035 3353 1134 3430 Quam
1159 3355 1248 3416 eliani
1268 3356 1382 3416 inventi
1402 3357 1529 3432 ereptio·

180 3458 268 3516 ‘nem
294 3465 327 3517 ut
346 3459 460 3518 invitus
482 3459 633 3532 commisi,
660 3461 703 3519 ita
724 3461 791 3537 ipse
811 3468 914 3519 noster
935 3457 1078 3518 fortuitus
1099 3473 1263 3518 consensus
1283 3457 1314 3516 in
1335 3473 1402 3516 mea
1423 3473 1470 3515 me
1491 3455 1528 3514 de

201 3557 347 3619 hocloco
369 3559 511 3636 opinione
532 3559 728 3621 confirmavit.
