3826 5962
654 621 838 674 nausson
858 625 1059 676 anvsnrvu.
1445 613 1518 686 235

189 791 285 852 latina
298 792 338 850 ad
357 813 396 852 m.
411 792 456 850 IV
478 797 655 853 constitutam
676 811 743 854 esse
758 795 862 854 aedem
876 813 996 856 aramve
1020 796 1034 854 1
1052 795 1194 856 Decemb.
1218 806 1248 858 et
1270 802 1430 860 dedicatam
1449 820 1518 864 esse

189 892 245 951 lul.
269 893 298 966 8,
327 901 453 970 utroque
475 901 573 953 autem
594 895 643 954 die
663 914 725 954 non
746 911 833 954 secus
855 904 946 972 atque
974 896 1013 954 ad
1038 915 1121 956 mam
1142 898 1231 958 Pacis
1252 900 1411 978 Augustae
1431 920 1518 962 sacra

189 993 255 1052 lieri
277 994 367 1052 solita
388 1013 466 1054 esse.
1530 1069 1534 1082 1

275 1091 394 1166 Quodsi
421 1097 496 1154 haec
521 1103 602 1156 recte
629 1096 782 1172 disputata
809 1105 890 1168 sunt,
917 1097 976 1155 iam
1004 1098 1079 1157 satis
1101 1100 1263 1160 stabilitum
1289 1103 1347 1161 erit
1376 1102 1407 1161 id
1437 1103 1518 1179 quod

188 1193 394 1254 Mommsenus
416 1197 625 1273 suspicabatur
645 1198 718 1256 bina
739 1215 827 1256 sacra
847 1197 1030 1275 singulorum
1052 1201 1174 1260 deorum
1199 1203 1231 1260 in
1255 1202 1343 1262 festis
1364 1203 1517 1282 adscripta

189 1311 279 1372 posse
301 1297 420 1371 quidem
442 1298 479 1356 ad
501 1299 693 1356 constitutam
715 1298 942 1374 dedicatamque
962 1319 1063 1360 eoram
1085 1303 1188 1360 aedem
1207 1302 1321 1376 referri,
1342 1305 1515 1382 neutiquam

188 1413 260 1454 vero
281 1397 313 1454 id
334 1415 452 1456 sacrum
473 1400 555 1474 quod
575 1400 704 1474 primurn
726 1399 764 1456 ad
781 1401 973 1459 constitutam
993 1420 1076 1460 mem
1098 1403 1207 1462 iactum
1230 1405 1270 1464 sit
1290 1405 1425 1464 habitum
1446 1421 1516 1466 esse

187 1512 244 1572 pro
266 1497 360 1555 netuli
386 1498 468 1556 aedis
491 1499 555 1570 die,
582 1517 670 1576 quem
691 1499 845 1563 dedicatae
870 1517 939 1560 esse
963 1502 1108 1561 fastorum
1136 1505 1320 1563 documentis
1346 1523 1439 1584 supra
1463 1506 1515 1564 de·

188 1598 431 1656 monstravimus.
474 1617 529 1658 nec
548 1601 647 1660 minus
668 1608 780 1660 certum
803 1600 918 1660 videtur
943 1601 1022 1661 hunc
1050 1603 1128 1662 diem
1150 1606 1279 1664 natalem
1300 1623 1360 1665 non
1380 1595 1535 1681 potuisse¹

187 1695 255 1756 loco
277 1699 391 1756 moveri
412 1699 601 1759 restitutione
622 1701 735 1776 templi,
763 1701 896 1776 potuisse
922 1703 999 1760 hanc
1024 1721 1153 1780 quoque,
1181 1706 1322 1781 quoniam
1342 1725 1409 1766 eum
1430 1705 1515 1766 dedi·

187 1798 306 1857 catione
327 1800 435 1859 iterata
456 1803 625 1862 necessario
648 1802 688 1860 sit
707 1803 876 1874 coniuncta,
898 1803 1074 1862 secundario
1095 1803 1196 1881 aliquo
1218 1824 1303 1865 sacro
1325 1815 1465 1883 steteque
1485 1816 1515 1866 et

188 1897 328 1958 sollemni
354 1901 508 1960 celebrari.
552 1903 681 1962 vidimus
707 1903 825 1962 restitui
853 1903 972 1962 reficite
992 1905 1082 1962 etiam
1104 1924 1156 1964 eus
1178 1906 1267 1966 aedes
1289 1907 1347 1966 dici
1374 1925 1451 1983 quac
1478 1906 1515 1965 de

190 1999 258 2058 solo
286 2000 463 2060 reficiendae
491 2013 592 2062 essent
618 2004 732 2063 eisdem
754 2004 861 2080 quibus
884 2013 953 2062 ante
972 2004 1101 2064 fuissent
1121 2006 1267 2082 vestigiis.
1298 2007 1412 2066 seilicet
1433 2010 1516 2068 etiam

188 2100 285 2158 diruto
306 2103 434 2177 aedificio
457 2104 549 2164 locam
570 2123 683 2164 sacram
703 2123 816 2163 manae
836 2105 982 2164 Marciani
1002 2105 1077 2164 illud
1100 2106 1189 2184 Digg.
1209 2109 1236 2178 l,
1259 2107 1289 2179 8,
1311 2107 1340 2180 6,
1363 2109 1392 2179 3,
1413 2108 1516 2169 rectis·

190 2199 266 2258 sime
292 2200 331 2260 H.
355 2202 534 2279 Degenkolb
562 2182 656 2264 meus*
673 2205 847 2280 (Plutarcctt
871 2207 933 2264 aad
957 2206 1062 2265 Mittite
1090 2225 1119 2282 p.
1143 2205 1216 2283 122)
1243 2209 1287 2266 ita
1313 2209 1464 2268 enarravit
1484 2218 1517 2268 ut

190 2301 320 2361 conlatis
343 2303 466 2364 Traiani
488 2307 527 2364 ad
548 2305 627 2364 Plin.
651 2306 688 2364 71
712 2306 811 2366 verbis
833 2305 881 2366 his
906 2325 974 2364 nata
996 2310 1024 2364 si
1037 2309 1124 2382 sacta
1144 2317 1187 2365 cst
1206 2306 1342 2384 (aedes),
1369 2309 1432 2368 licet
1452 2327 1517 2368 cau·

190 2401 279 2478 lapsa
303 2407 349 2476 sit,
376 2405 478 2480 talipio
504 2410 565 2466 cias
587 2409 734 2482 occupavit
754 2408 856 2478 solam,
884 2405 1113 2478 demonstraret,
1144 2408 1231 2465 deum
1257 2409 1340 2466 aedis
1362 2428 1429 2468 cum
1451 2409 1517 2468 solo

187 2503 415 2580 possessionem
443 2507 560 2566 etiamsi
586 2507 640 2566 illa
664 2507 793 2584 perisset
820 2509 958 2566 retinere.
1001 2515 1119 2584 poterat
1139 2507 1250 2564 addere
1272 2508 1416 2584 conlapsa
1437 2509 1518 2568 aedi·

187 2603 258 2662 ficio
285 2623 340 2664 nec
366 2607 476 2666 natalis
504 2608 569 2666 eius
598 2607 657 2666 diei
683 2624 771 2666 saera
795 2607 886 2666 inrita
913 2609 977 2666 fieri
1005 2627 1059 2666 nec
1085 2625 1194 2665 nornen
1221 2624 1423 2683 cognomenta
1451 2609 1517 2670 eius

188 2703 297 2780 perire,
332 2706 422 2766 immo
455 2708 571 2766 senatui
603 2726 643 2766 ex
673 2709 848 2785 pontificum
881 2709 1000 2767 decreto
1031 2708 1234 2766 necessarium
1265 2725 1372 2766 munus
1403 2707 1519 2788 iniungi

188 2807 365 2866 restituendi
397 2825 434 2866 ea
460 2827 537 2884 quae
563 2808 601 2867 ud
626 2817 743 2885 tempus
778 2815 930 2868 cessarent
955 2807 1004 2865 vel
1035 2809 1186 2882 perissent
1218 2806 1325 2882 deique
1354 2809 1418 2866 sive
1444 2809 1519 2868 deae

188 2906 309 2985 genium
335 2909 513 2968 iunonemve
539 2908 686 2984 placandi.
740 2925 799 2983 quo
826 2909 1003 2967 restituendi
1028 2925 1149 2966 munere
1175 2907 1313 2966 absoluto
1338 2907 1435 2966 eidem
1462 2909 1518 2970 deo

189 3007 227 3066 de
243 3024 321 3068 novo
342 3009 482 3068 reiectam
504 3010 609 3068 aedem
631 3007 771 3066 sollemni
792 3007 851 3066 ritu
872 3007 1039 3066 dedicatam
1063 3025 1129 3068 esse
1151 3007 1188 3065 de
1204 3005 1353 3082 Capitolio
1376 3009 1517 3070 traditum

189 3116 246 3167 est.
289 3128 357 3168 uam
380 3111 508 3187 primum
530 3109 568 3183 Q.
592 3106 731 3167 Catulum
753 3107 871 3166 Plinius
893 3105 943 3180 29,
966 3107 1004 3165 23
1031 3109 1074 3166 ait
1095 3127 1158 3168 cam
1180 3108 1354 3184 Capitolium
1376 3111 1521 3170 dedicaret

190 3212 328 3270 umbram
353 3211 385 3269 in
410 3212 526 3270 theatro
554 3209 674 3281 fecisse,
707 3207 814 3268 deinde
845 3227 912 3268 cum
945 3209 1050 3268 iterum
1082 3215 1153 3286 post
1183 3217 1310 3268 mortem
1338 3208 1520 3285 Vespasiani

190 3313 408 3390 conflagrasset
437 3311 545 3370 iratres
578 3310 696 3368 arvales
729 3309 776 3367 ad.
804 3309 833 3370 t.
859 3309 898 3366 id.
921 3309 996 3368 Dec.
1023 3328 1050 3368 a.
1073 3329 1103 3385 p.
1117 3306 1162 3376 ,0.
1185 3309 1224 3370 80
1253 3313 1283 3368 ia
1315 3310 1457 3386 Capitolio
1488 3315 1519 3370 ia

188 3414 287 3472 aedem
312 3413 384 3488 Opia
406 3421 590 3472 couvenerant
610 3411 652 3469 ad
671 3421 737 3468 octa
757 3411 952 3486 nuncupanda
977 3413 1019 3470 ad
1039 3413 1243 3470 restitutionem
1268 3420 1295 3468 at
1315 3412 1519 3471 dedicationem

192 3512 321 3590 Capitoli
346 3513 383 3570 ab
410 3513 608 3588 imp(cratorc)
637 3511 670 3570 Τ.
696 3511 819 3572 Caesare
840 3511 1016 3586 Vespasiano
1043 3511 1205 3586 Aup(aatc)
1237 3511 1320 3586 (nam
1347 3511 1391 3568 ita
1415 3519 1462 3570 est
1486 3511 1518 3571 in

188 3615 263 3674 actis
288 3623 310 3674 t.
333 3613 383 3686 23,
413 3613 450 3670 10
482 3613 520 3672 ei.
547 3612 655 3672 Marin.
682 3630 712 3688 p.
736 3610 795 3670 206
823 3611 890 3688 ss),
924 3631 1013 3688 quam
1044 3612 1260 3670 dedicationem
1291 3631 1310 3670 a
1341 3611 1517 3672 Domitiano

188 3733 216 3774 a.
233 3715 271 3772 83
294 3723 445 3790 peractam
466 3729 534 3772 esse
555 3723 615 3772 tam
637 3712 749 3771 nummi
769 3713 858 3770 huius
873 3712 944 3769 anni
958 3729 1048 3786 quam
1065 3709 1147 3772 Suet.
1162 3713 1252 3770 Dom.
1270 3711 1288 3770 8
1311 3715 1516 3790 comprobant.

188 3815 290 3890 itaque
316 3807 420 3872 aedem
446 3831 512 3870 eam
537 3831 655 3889 quoque
685 3831 775 3889 quam
802 3812 1007 3888 Vespasianus
1034 3828 1053 3868 a
1079 3812 1144 3868 solo
1177 3811 1247 3870 fecit
1274 3811 1412 3870 similiter
1436 3813 1518 3872 dedi·

188 3923 286 3974 catam
308 3931 375 3974 esse
397 3921 508 3972 certum
530 3920 586 3982 est,
610 3911 680 3972 licet
701 3931 779 3990 quae
801 3930 888 3970 sacra
910 3911 1033 3970 Tacitus
1055 3917 1267 3968 commemoret
1287 3911 1457 3984 pertineant
1478 3912 1517 3970 ad

188 4017 287 4076 solum
313 4033 402 4074 areae
426 4013 641 4086 lustrationem,
674 4013 868 4072 fundamenta
892 4012 1039 4084 facienda,
1071 4010 1226 4068 materiam
1254 4009 1358 4084 templi
1384 4008 1517 4086 conlapsi

188 4116 371 4190 evehendus,
401 4135 439 4174 ne
466 4115 673 4192 profanaretur
694 4116 811 4192 privato
833 4131 899 4172 usu.
942 4111 980 4169 de
1011 4110 1078 4168 aliis
1107 4110 1231 4168 aedibus
1259 4108 1378 4167 resectis
1406 4109 1517 4168 similia

188 4219 267 4278 tradi
292 4236 353 4276 non
378 4215 499 4276 memini
525 4235 573 4274 me
599 4215 708 4292 legere,
735 4215 788 4275 sed
814 4231 932 4273 eausam
961 4211 1071 4270 nullam
1093 4210 1180 4268 video
1202 4229 1255 4268 cur
1277 4209 1428 4270 dedicatas
1449 4227 1517 4270 esse

186 4337 302 4398 negem,
328 4319 419 4378 immo
444 4317 658 4394 gravissimum
684 4321 891 4392 argumentum
919 4314 1014 4372 habeo
1044 4331 1098 4370 cur
1124 4311 1286 4382 adfirmem,
1315 4329 1424 4368 nomen
1451 4310 1516 4370 eius

186 4422 239 4498 qui
259 4420 396 4481 refecerit
416 4417 636 4478 dedicaveritve
657 4417 724 4476 aedi
746 4416 919 4491 inscriptum
942 4433 1001 4472 non
1022 4413 1122 4472 minus
1144 4431 1233 4488 quam
1248 4411 1312 4470 eins
1334 4411 1385 4487 qui
1403 4411 1516 4470 fecerit.

187 4521 275 4582 fldem
306 4521 437 4581 sortasse
469 4518 631 4594 denegabis
663 4515 814 4594 Dionysio
837 4517 865 4588 9,
896 4516 935 4574 60
968 4514 1019 4592 qui
1052 4511 1104 4590 Sp.
1137 4513 1327 4573 Postumium
1360 4512 1516 4574 dedicasse

187 4623 292 4681 aedem
318 4621 372 4680 Dii
396 4620 475 4680 Fidii
501 4639 521 4678 a
548 4617 715 4694 Tarquinio
748 4617 876 4693 superbo
908 4617 1018 4674 factam
1046 4616 1091 4674 sic
1116 4623 1233 4674 narrat:
1265 4611 1427 4700 καθιέρωσε
1454 4611 1515 4694 (riv

189 4715 270 4796 vedu)
301 4709 582 4780 κατασκευασθέντα
607 4707 656 4788 μὲν
682 4711 736 4776 elad
768 4718 823 4775 τοῦ
849 4709 1011 4774 τελευταίου
1037 4707 1198 4790 βασιλέως,
1232 4718 1283 4787 τῆς
1315 4706 1346 4774 ti
1378 4710 1515 4787 νομιζομέ·

189 4843 238 4890 unc
269 4815 346 4903 stapsi
369 4813 514 4888 Ῥωμαίοις
542 4807 715 4902 ἀνιερώσεως
740 4812 772 4875 ου’
803 4807 935 4896 τυχὸντα
968 4812 1017 4874 ἀπ’
1050 4810 1162 4876 ἐκείνου.
1209 4807 1271 4875 ro'rs
1299 4813 1334 4888 δὴ
1360 4819 1396 4894 τῇ
1418 4809 1517 4893 βουλῇ

187 4911 282 5003 δυ’ξαν
303 4918 317 4978 c‘
339 4911 495 4989 Horru'tacc
514 4912 623 4986 ἔλαβεν
645 4915 737 5004 αὐτοῦΙ
757 4911 806 4988 τὴν
826 4911 1002 5000 ἔπεγραψὴντ
1027 4927 1059 4976 at
1079 4918 1168 4978 fidem
1188 4919 1302 4978 faciunt
1323 4935 1456 4992 eaquae
1478 4917 1516 4976 (le

188 5022 310 5084 nomine
336 5019 709 5100 cessatorumcolono
736 5019 804 5078 aedi
831 5018 974 5094 inscripto
1000 5027 1030 5077 et
1055 5017 1092 5076 ds
1113 5018 1324 5096 imperatorum
1345 5017 1515 5078 nominibus

188 5125 228 5183 ob
255 5124 438 5201 singularem
465 5123 641 5184 modestiam
668 5121 792 5182 aedibus
819 5138 839 5178 a
866 5137 899 5180 ss
924 5119 1043 5180 relectis
1069 5137 1129 5178 non
1153 5120 1306 5196 inscriptis
1334 5119 1515 5196 compluries

189 5223 308 5301 prodita
331 5226 470 5306 legimus.
514 5225 567 5287 sed
597 5225 672 5286 haec
703 5221 805 5282 omnia
835 5239 896 5282 nou
922 5241 957 5280 co
982 5219 1132 5298 pertinent
1162 5221 1331 5290 utiterum
1363 5221 1515 5283 dedicatae
