3858 5960
365 552 414 622 90
924 565 1125 618 wsmnns

317 735 332 760 '
362 749 485 800 evectus
512 747 569 798 est.
612 737 703 812 Quod
723 747 824 796 autem
845 737 973 796 Alfenus
987 735 1089 796 Varus
1109 736 1154 811 (n.
1172 736 1225 812 17)
1246 743 1317 812 post
1337 735 1556 811 praefecturam
1579 746 1692 796 antro-

363 861 429 900 rum
450 840 601 916 praetorio
620 838 787 915 praefectus
808 847 865 909 eat,
887 837 966 896 idem
988 838 1110 914 saepius
1131 837 1242 895 factum
1263 853 1333 894 esse
1353 855 1511 912 perperam
1531 837 1602 896 inde
1621 857 1692 896 cou-

363 941 483 1012 cludaa3
512 941 569 999 boc
594 940 675 998 enim
701 939 829 1014 tempori
853 939 956 1014 potius
984 937 1227 1013 indubitataeque
1252 936 1318 995 eiua
1347 954 1420 1012 erga
1439 937 1598 996 Vitellium
1622 939 1692 997 fidei

364 1041 555 1100 tribuendum
583 1048 638 1098 ost.
681 1039 906 1110 Procuraturis,
937 1055 1014 1114 quas
1035 1039 1093 1097 riri
1119 1037 1252 1113 equestri
1271 1037 1379 1095 militia
1399 1037 1546 1114 perfuncti
1566 1038 1692 1114 adipisci

363 1142 511 1214 solebant,
532 1158 684 1217 nunquam
704 1157 759 1200 ecs
779 1147 903 1198 ornatos
924 1140 1106 1210 invenimus;
1127 1138 1210 1214 quod
1230 1147 1330 1196 autem
1352 1135 1388 1196 Ο.
1404 1135 1531 1196 Caesius
1546 1137 1692 1199 Silveeter

363 1243 407 1318 (ιι.
429 1242 483 1318 25)
509 1251 631 1302 curator
657 1242 774 1300 viarum
799 1241 838 1298 ab
865 1239 1050 1316 Imperatore
1075 1239 1133 1297 Pio
1154 1237 1299 1298 Umbriae
1323 1247 1354 1296 et
1380 1238 1493 1296 Piceno
1519 1240 1607 1298 datus
1633 1250 1690 1311 eat,

363 1361 449 1402 usum
476 1361 537 1400 non
564 1343 680 1414 turbat,
704 1342 758 1400 sed
781 1340 947 1399 confirmat.
990 1338 1067 1413 Quis
1093 1340 1172 1397 euim
1197 1349 1273 1414 quot
1292 1340 1359 1398 vias
1379 1339 1515 1415 legiones
1536 1340 1691 1399 Romanae

363 1442 535 1520 aperuerint
560 1442 676 1502 nescit?
723 1441 946 1500 Vexillationes
973 1447 1072 1500 autem
1100 1441 1247 1499 eiusmodi
1273 1440 1414 1516 operibus
1440 1441 1572 1500 intentas
1600 1459 1691 1517 saepe

364 1544 470 1603 ductu
499 1561 567 1603 esse
593 1561 613 1600 a
639 1543 799 1618 praefectis
826 1549 1008 1612 castrorum,
1036 1541 1116 1599 iufra
1141 1541 1428 1612 demonstrabimua3
1457 1541 1573 1599 viarum
1599 1541 1691 1618 igitur

364 1644 591 1704 muniendarum
612 1644 687 1702 artis
708 1662 748 1702 ex
768 1643 837 1718 ipss
857 1643 921 1702 sine
942 1641 1035 1700 dubio
1054 1642 1165 1700 militia
1181 1643 1316 1720 apprime
1328 1642 1443 1720 peritus
1456 1649 1522 1700 erat
1536 1639 1689 1702 Silvester.

364 1744 433 1804 Etsi
454 1751 554 1803 autem
575 1744 750 1819 plerumque
770 1743 909 1802 duriores
930 1743 1089 1818 minusque
1109 1742 1180 1800 culti
1200 1753 1299 1814 erant,
1324 1761 1417 1818 quam
1437 1742 1560 1801 iuvenes
1580 1741 1690 1801 tribuni

364 1865 401 1906 ac
426 1846 572 1922 praefecti
590 1844 757 1902 cohortium
779 1843 954 1919 alarumque
975 1843 1111 1902 homiues
1130 1843 1225 1904 ferme
1244 1841 1470 1923 elegantiores,'‚
1484 1844 1552 1918 ipsa
1570 1843 1616 1901 rei
1636 1843 1691 1902 mi·

360 1947 459 2005 litaris
481 1946 609 2010 scientia
629 1961 777 2002 summum
798 1944 843 2002 eis
865 1953 935 2021 post
953 1944 1085 2021 legatum
1106 1945 1235 2023 legionis
1256 1947 1357 2004 locum
1376 1945 1409 2003 in
1428 1943 1536 2003 castris
1552 1943 1690 2021 adsigna-

363 2049 424 2106 bat
457 2046 506 2105 lta
519 2045 653 2105 Corbulo
672 2063 751 2122 quae
772 2045 838 2121 ipae
859 2063 963 2123 gerere
983 2063 1044 2103 nou
1065 2055 1166 2120 potest
1179 2044 1322 2105 Cornelio
1337 2045 1448 2105 Flacco
1466 2045 1568 2121 legato
1588 2051 1620 2102 et
1638 2045 1690 2102 In·

364 2147 441 2208 ateio
456 2137 598 2224 Capitoni
612 2155 781 2205 castrorum
795 2145 946 2221 praefecto
960 2145 1083 2204 mandat
1096 2145 1140 2219 (n.
1155 2146 1219 2223 14),
1232 2165 1371 2224 annoque
1381 2145 1421 2206 69
1435 2147 1569 2224 legiones
1582 2147 1690 2207 vinclis

364 2247 513 2308 Caecinae
533 2247 685 2308 exercitus
706 2245 776 2306 duci
796 2246 914 2306 iniectis
935 2245 1064 2306 Fabium
1084 2247 1246 2306 Fabullum
1266 2247 1389 2324 quintae
1408 2249 1538 2327 legionis
1559 2249 1690 2326 legatum

363 2357 394 2408 et
414 2347 555 2409 Cassium
574 2347 712 2425 Longum
732 2347 914 2424 praefectum
936 2357 1103 2406 castrorum
1124 2347 1216 2406 duces
1237 2348 1374 2424 deligunt
1393 2347 1438 2424 (n.
1456 2349 1519 2425 19).

446 2450 512 2527 Ipsi
532 2450 604 2508 licet
624 2467 777 2525 nunqnam
798 2449 866 2507 loco
888 2447 1039 2507 senatorio
1062 2448 1137 2520 sint,
1162 2448 1242 2508 filius
1262 2459 1364 2508 tamen
1378 2449 1521 2527 Vespasii
1540 2449 1690 2508 Pollionis

364 2550 408 2625 (u.
433 2549 465 2626 l)
496 2551 640 2627 praefecti
670 2557 836 2608 castrorum
868 2557 1038 2624 praeturam
1069 2548 1197 2624 adeptus
1224 2557 1284 2622 est,
1315 2550 1546 2628 insignibusque
1576 2550 1690 2610 ordinis

363 2651 512 2727 equestris
537 2651 702 2709 bonoribus
730 2659 875 2708 ornantur
901 2667 967 2708 cum
995 2651 1027 2708 iu
1053 2667 1087 2706 re
1113 2649 1236 2708 militari
1259 2659 1322 2709 tum
1349 2650 1381 2708 in
1407 2671 1441 2710 re
1468 2651 1559 2710 civili.
1600 2653 1689 2710 Acci-

363 2753 451 2828 piunt
474 2752 554 2810 enim
579 2758 610 2810 at
635 2752 716 2810 dona
735 2747 883 2809 'militaria
907 2750 1024 2809 maiora
1049 2751 1153 2809 hastas
1177 2768 1269 2826 puras
1294 2759 1325 2810 et
1345 2751 1497 2827 vexilla1)
1519 2753 1563 2828 (u.
1579 2751 1634 2827 34)
1659 2762 1691 2811 et

364 2853 533 2912 sacerdotia
552 2851 706 2928 equestria
725 2850 971 2928 splendidissima
991 2851 1130 2911 tubicinis
1151 2869 1305 2911 sacrorum
1327 2852 1432 2928 populi
1445 2851 1573 2911 Romani
1594 2853 1638 2928 (n.
1654 2853 1688 2930 8)

363 2953 616 3028 laurentiumque
636 2951 828 3011 Larinatium
849 2951 893 3028 (n.
909 2951 974 3027 33).

447 3051 601 3114 Summum
629 3063 729 3112 eutem
754 3054 835 3111 iuter
859 3053 1026 3128 praefectos
1051 3063 1218 3111 castrorum
1242 3053 1343 3112 locum
1365 3053 1525 3112 uerisimile
1546 3063 1594 3113 est
1613 3054 1689 3112 obti-

363 3155 467 3213 nuisse
489 3152 657 3230 praefectos
683 3162 850 3212 casuorum
876 3153 1148 3231 Aegyptiacorum,
1177 3153 1249 3229 quin
1276 3161 1309 3212 ut
1334 3155 1524 3230 praefectura
1549 3155 1689 3231 Aegypti,

363 3261 491 3329 excepta
515 3252 702 3330 praefectura
725 3253 883 3327 praetorii,
911 3254 1060 3329 equestris
1081 3254 1177 3312 honor
1198 3271 1333 3312 summus
1354 3261 1413 3324 est,
1439 3255 1484 3313 ita
1502 3255 1689 3330 praefectura

364 3371 484 3432 quoque
509 3362 677 3412 castrorum
702 3353 850 3431 Aegypti,
875 3353 979 3412 eadem
999 3355 1188 3431 praefectura
1209 3353 1351 3428 praetorii
1370 3361 1513 3429 excepta,
1540 3355 1687 3414 honorum

363 3455 536 3514 militarium
561 3453 679 3512 videtur
703 3454 791 3530 quasi
816 3453 932 3513 culmen
958 3471 1038 3528 esse,
1070 3471 1147 3530 quos
1174 3453 1294 3530 quidem
1320 3472 1424 3531 gerere
1448 3455 1568 3531 possint
1593 3456 1688 3513 bomi-

363 3573 416 3615 nes
441 3554 555 3613 ordinis
580 3571 642 3612 uon
667 3554 817 3612 senatorii.
860 3553 918 3613 Est
942 3555 1021 3613 enim
1046 3564 1151 3613 uotum
1176 3555 1349 3632 Angustum
1375 3558 1448 3613 inter
1472 3556 1535 3614 clio
1560 3557 1687 3614 ἀοιιιίιια-

320 3697 325 3709 .
363 3659 447 3716 ta‘oaa'a
472 3671 584 3712 cnunc
607 3656 768 3730 seposuisse
786 3652 961 3731 Aegyptum,
981 3658 1093 3726 'edita
1118 3659 1176 3714 aiat
1191 3658 1348 3731 per-raised,
1374 3656 1487 3731 agredi
1510 3656 1687 3714 amariter

361 3766 414 3815 cut
439 3755 577 3831 eqrcitibus
596 3755 735 3814 Βοιιιαιιίι
759 3755 919 3815 illustribus
930 3754 975 3832 ²),
1002 3755 1269 3815 administrandum
1295 3762 1396 3814 autem
1422 3755 1540 3814 dedisse
1566 3755 1619 3812 nni
1646 3773 1686 3814 ex

362 3855 524 3933 equitibus,
550 3855 603 3931 qui
629 3854 691 3914 fere
715 3854 776 3931 ipsi
796 3855 1016 3916 addictissimus
1037 3864 1133 3928 esset,
1159 3873 1227 3916 eum
1247 3863 1409 3914 consuetae
1429 3856 1544 3914 formae
1564 3856 1686 3931 provin·
1714 3931 1722 3944 Ι

362 3957 439 4017 cium
459 3956 558 4015 facere
571 3955 753 4034 Aegyptum,
774 3964 807 4015 ut
827 3957 900 4016 olim
915 3955 1029 4016 Caesar
1042 3964 1137 4034 puter,
1159 3956 1202 4014 ita
1216 3963 1367 4014 vereretur
1379 3965 1411 4014 et
1424 3957 1500 4032 ipse,
1521 3973 1557 4014 ae
1569 3957 1685 4032 quande

360 4059 552 4117 violentiorem
573 4057 736 4133 praesidem
759 4065 846 4116 aucto
870 4076 1008 4116 novaram
1031 4077 1124 4116 reram
1144 4060 1266 4116 malain
1286 4051 1405 4132 esaet³).
1448 4055 1491 4115 Ut
1515 4057 1607 4132 igitur
1633 4055 1685 4131 qui

361 4158 547 4235 provinciae,
579 4158 623 4216 ita
652 4175 691 4216 ne
722 4156 892 4234 legionibus
923 4158 1045 4232 quidem
1077 4157 1129 4234 qui
1161 4166 1322 4232 praeerant
1347 4157 1381 4214 in
1404 4157 1545 4233 Aegypto
1573 4154 1686 4214 ordinis

361 4268 448 4318 erant
467 4257 664 4333 senrmriit),
690 4275 787 4333 neque
808 4275 939 4334 unquam
960 4258 1079 4335 legatus
1100 4257 1190 4316 duxit
1209 4257 1358 4333 legionem
1378 4274 1456 4332 quae
1477 4256 1508 4314 in
1529 4257 1586 4316 hnc
1606 4264 1686 4314 terra

361 4367 463 4418 caatm
487 4357 618 4416 haberet
665 4357 742 4415 Eius
776 4365 877 4416 autem
910 4357 1009 4416 locum
1040 4357 1110 4434 quis
1142 4359 1272 4417 tenuerit
1301 4357 1461 4417 edocemur
1487 4357 1684 4433 inscriptione

361 4477 457 4534 nuper
481 4464 601 4532 reperta
620 4455 664 4530 (ιι.
679 4455 750 4531 24),
777 4473 838 4532 qua
862 4458 967 4516 eodem
992 4457 1081 4516 modo
1108 4458 1251 4534 locoque,
1280 4475 1340 4534 quo
1368 4457 1437 4516 aliia
1463 4458 1494 4515 in
1520 4455 1684 4532 provinciis

439 4721 462 4784 ¹)
490 4722 559 4773 Nam
576 4723 638 4774 Sex.
652 4723 744 4774 Vibius
758 4723 850 4775 Gallus
867 4731 913 4774 sut
929 4725 1097 4789 manipularis
1115 4733 1160 4775 aut
1177 4726 1293 4776 centurio
1311 4725 1441 4789 accepisse
1459 4723 1560 4774 videtur
1579 4729 1683 4788 torques

361 4814 475 4864 armillas
497 4812 616 4878 phaleras
638 4821 737 4876 partem
760 4829 927 4877 coronarum,
951 4816 1094 4880 praefectus
1117 4821 1258 4866 castrorum
1282 4817 1370 4867 basta
1392 4827 1470 4880 puras
1489 4815 1518 4864 11
1542 4814 1639 4863 vexilla
1656 4813 1685 4862 11

361 4905 473 4970 reliquas
485 4917 608 4960 coronas.

437 4992 462 5056 ²)
489 4995 553 5046 Tac.
571 5007 631 5044 auu.
652 4995 735 5056 aba.

436 5083 462 5146 ⁸)
488 5085 699 5138 Suetdiv.1ul.
718 5085 763 5136 35.

437 5173 462 5236 ⁴)
491 5175 631 5286 Tacpbiat.
652 5177 676 5232 l,
692 5176 734 5224 11.
