3812 5960
380 553 429 622 54
666 569 938 621 monasteris
955 569 1038 620 von.
1053 569 1092 619 ιν
1109 568 1414 620 romanamet.
1657 576 1707 628 1es

377 741 442 800 Ioh.
462 739 671 800 Wordsworth
698 741 728 798 in
752 738 786 799 C.
802 739 827 796 1.
841 739 877 796 L.
900 739 960 797 vol.
982 739 1081 814 quarti
1108 758 1236 798 censura
1260 739 1374 798 inserta
1393 739 1499 798 libello
1520 739 1708 804 Londioensi

382 841 441 898 The
462 840 607 918 Academp
631 841 706 900 1871
731 859 760 916 p.
778 839 838 898 444
865 839 895 914 (e
917 836 1127 915 christophori
1155 841 1251 916 patris
1279 839 1412 915 schedis)
1439 841 1513 900 haec
1540 843 1707 918 praefatos:

378 961 406 998 n.
423 942 504 1000 1860
531 941 635 1000 nioeld
661 940 800 1015 certainly
826 958 881 997 run
903 940 983 1010 thus,
1010 958 1044 997 or
1068 941 1168 1016 nearly
1196 941 1269 1000 titas.
1284 972 1326 984 -
1353 941 1559 1001 Mommsenos
1581 960 1609 1000 a.
1627 942 1707 1002 1846

377 1042 476 1100 minus
497 1042 642 1118 integram
664 1042 792 1110 viderat3
815 1057 872 1116 ego
892 1041 924 1098 in
945 1041 1070 1098 tectorio
1084 1039 1216 1116 Neapoli
1237 1040 1397 1100 adservato
1412 1041 1540 1120 vestigia
1560 1041 1708 1118 quaedam

378 1141 576 1216 deprehendi,
605 1143 659 1200 sod
687 1141 776 1217 plura
804 1159 882 1198 nune
907 1149 1066 1216 postquam
1093 1141 1186 1198 totius
1213 1141 1302 1200 lectio
1327 1141 1457 1200 innotuit
1481 1142 1561 1202 haud
1587 1141 1709 1202 difficile

378 1241 499 1318 agnosci
522 1249 671 1316 poterunt.
687 1272 726 1284 -
752 1244 764 1298 l
791 1227 904 1314 Qvol
927 1261 965 1299 ex
987 1241 1167 1299 Mommseni
1189 1242 1363 1318 apographo
1384 1241 1587 1317 reponendum
1609 1252 1666 1302 est.

419 1340 457 1400 In
485 1349 569 1399 tanta
597 1349 712 1412 autem,
744 1359 835 1416 quam
863 1342 998 1416 priorum
1028 1349 1194 1416 temporum
1223 1341 1339 1400 incuria
1365 1342 1506 1414 iacimus,
1539 1343 1708 1402 huiusmodi

378 1441 607 1519 inscriptionum
632 1441 748 1500 iactura
773 1460 839 1500 eum
865 1459 975 1518 magno
1001 1459 1090 1516 opera
1119 1441 1280 1516 optandum
1308 1442 1363 1512 sit,
1391 1461 1429 1502 ne
1449 1443 1487 1501 iis
1507 1460 1585 1519 quaa
1606 1460 1707 1502 serva·

379 1549 427 1598 tae
450 1551 520 1600 sont
541 1542 585 1599 oti
606 1559 800 1617 nequeamus,
822 1560 978 1616 speramus
1000 1541 1073 1612 iore,
1095 1549 1129 1598 ut
1144 1541 1399 1601 Wordsworthiua
1420 1559 1496 1617 quas
1514 1543 1624 1601 multas
1638 1550 1709 1601 ante

378 1642 436 1700 hoa
462 1641 664 1717 qnadraginta
689 1660 785 1701 annos
806 1643 837 1699 in
859 1661 946 1700 snum
969 1659 1055 1700 usum
1077 1658 1111 1716 se
1132 1640 1331 1718 descripsisse
1354 1642 1496 1719 Pompeis
1523 1642 1614 1716 dixit,
1640 1660 1707 1701 oum

379 1741 417 1798 iis
439 1741 660 1800 communicare
680 1742 761 1812 velit,
783 1759 909 1816 quorum
931 1741 986 1798 hae
1008 1759 1056 1800 res
1078 1759 1261 1819 cognoscere
1283 1743 1415 1800 interest.

421 1839 563 1900 Ceterum
589 1841 717 1900 disticho
742 1841 800 1912 illi,
827 1843 908 1916 qood
935 1841 1179 1900 commentarium
1205 1859 1265 1900 non
1287 1841 1453 1912 desiderat,
1479 1841 1588 1901 addam
1609 1842 1708 1902 simila

380 1941 505 2000 alterum
527 1943 636 2000 lectum
658 1961 678 1999 a
697 1961 744 2002 me
766 1941 880 2000 Romae
901 1941 932 1998 in
955 1943 1065 2000 montis
1085 1942 1220 2000 Palatini
1241 1942 1398 2019 parietinis
1420 1943 1489 2001 hoo:

560 2075 704 2176 OMNIA
727 2074 974 2137 FORMONSIS
997 2074 1128 2135 cv1²10
1152 2075 1335 2135 DONARII
1358 2075 1526 2136 PVIILLIS

617 2176 706 2250 sut·
730 2176 835 2236 MIHI
856 2175 923 2234 DII
947 2197 954 2212 ·
975 2174 1164 2235 POPVLO
1186 2176 1350 2236 NVLLA

617 2275 804 2337 Pv11LLA
821 2274 1035 2336 ·PLAC11T

1348 2459 1383 2522 Ο.
1406 2463 1664 2523 Zasonrtsrsrsn.
