3826 5962
298 706 306 715 '
429 708 502 784 226
1000 710 1184 767 nonnam

426 902 465 961 lis
486 894 598 960 saeculi
619 893 698 954 sexti
718 889 909 964 ineuntisqne
926 886 1056 964 septimi,
1078 901 1175 960 neque
1188 881 1220 941 id
1233 899 1289 960 per
1302 897 1335 941 se
1350 881 1502 946 offendere
1515 885 1617 960 debet;
1638 906 1735 948 nam
1754 897 1795 946 nt

427 998 576 1081 praetoris
597 993 722 1056 maximi
742 988 823 1068 apud
843 987 980 1059 Latinos,
1000 985 1043 1044 ita
1063 983 1229 1068 στρατηγοῦ
1241 973 1351 1040 ὑπάτου
1372 985 1552 1048 vocabulum
1565 987 1647 1067 apud
1667 985 1795 1049 Grae.

428 1119 480 1164 cos
502 1099 555 1160 illa
575 1102 672 1157 aetate
693 1091 781 1170 plane
802 1087 975 1148 exoleverat
996 1085 1106 1163 quique
1126 1101 1163 1144 eo
1184 1083 1323 1143 utebatur
1344 1103 1405 1144 non
1425 1085 1530 1148 doctus
1547 1089 1626 1150 inter
1641 1089 1791 1160 doctos,

428 1202 483 1264 sed
508 1199 702 1278 magistratus
728 1189 952 1268 magistratibus
978 1185 1128 1258 scribens,
1155 1182 1319 1244 credendus
1341 1192 1469 1245 estnon
1491 1197 1552 1248 tam
1573 1189 1790 1266 antiquatam

426 1303 511 1363 verbi
531 1295 781 1379 significationem
801 1290 979 1351 resuscitare
993 1286 1129 1346 voluisse
1149 1303 1239 1362 quam
1260 1285 1318 1345 hoc
1337 1285 1435 1346 dicere
1449 1296 1618 1365 praetorem
1633 1307 1671 1350 se
1689 1307 1788 1363 esse,

427 1403 482 1464 sed
507 1399 680 1480 primarium
707 1401 737 1456 et
762 1410 855 1470 supra
878 1389 1012 1465 reliquos
1032 1395 1186 1464 praetores
1208 1385 1395 1446 eminentem.
1439 1385 1526 1462 Quae
1547 1389 1650 1468 opinio
1675 1409 1788 1468 prae·

381 1565 384 1572 ,
427 1513 510 1565 terea
535 1519 571 1560 eo
597 1495 837 1566 commendatur,
864 1489 946 1569 qnod
967 1489 1048 1550 idem
1067 1485 1204 1546 Fannius
1226 1487 1257 1545 iu
1278 1487 1409 1563 epistula
1429 1489 1551 1564 publica
1571 1489 1632 1550 alia
1653 1491 1784 1551 eodem

427 1623 506 1664 anno
528 1603 641 1678 scripte
662 1596 832 1675 appelletur
852 1577 1137 1676 ἆρχεπροοηγᾶςῑ).
1176 1587 1242 1646 Iam
1261 1587 1313 1647 nbi
1334 1587 1599 1666 circumspicimus,
1620 1593 1677 1668 qni
1704 1592 1784 1652 tisri

426 1703 568 1782 potuerit,
589 1711 623 1760 nt
644 1696 680 1759 (l.
696 1696 832 1756 Fannius
853 1690 1090 1769 praetererito
1111 1707 1138 1747 a.
1154 1687 1214 1748 705
1237 1705 1330 1765 supra
1350 1689 1485 1766 reliquos
1507 1700 1662 1766 praetores
1691 1693 1780 1752 smi-

426 1814 525 1874 neret,
551 1801 655 1862 statim
681 1795 828 1858 succurrit
853 1790 1012 1850 notissime
1035 1789 1148 1849 liberae
1168 1789 1213 1846 rei
1233 1788 1371 1865 publicae
1392 1791 1578 1851 consuetudo
1598 1794 1778 1870 praetoriis

427 1902 608 1981 quibusdam
633 1897 818 1978 provinciam
845 1891 1016 1970 regentibus
1040 1891 1108 1949 iura
1133 1899 1163 1948 et
1189 1889 1321 1966 insignia
1346 1891 1573 1966 proconsularia
1599 1894 1777 1966 tribuendi,

427 2005 465 2064 de
492 2021 553 2080 qua
578 2007 649 2079 poet
676 1997 752 2057 ahoe
777 1995 825 2074 egi
852 1993 892 2052 ad
912 1992 943 2065 1,
958 1992 1033 2064 6413
1060 1989 1142 2066 quod
1169 1990 1329 2066 quominus
1349 1991 1440 2050 etiam
1461 1991 1580 2052 Fannio
1601 1996 1775 2075 contigerit

426 2122 482 2180 per
502 2099 680 2162 difficillima
699 2099 744 2158 rei
764 2095 901 2174 publicae
923 2103 1059 2170 tempora
1072 2092 1180 2152 Asiam
1200 2091 1326 2168 regenti,
1347 2091 1471 2152 dubium
1492 2111 1560 2154 esse
1575 2095 1627 2154 vix
1648 2107 1773 2172 potest.

427 2207 471 2264 At
492 2205 519 2264 is
534 2201 644 2262 Fannii
664 2200 761 2258 honor
781 2195 933 2273 quomodo
954 2193 1102 2252 enuntiari
1123 2191 1262 2269 potuerit,
1285 2192 1384 2254 minue
1405 2192 1495 2253 iacile
1509 2201 1557 2254 eet
1571 2195 1667 2268 dictur
1693 2215 1772 2256 nam

428 2323 490 2364 non
518 2310 551 2362 nt
576 2300 685 2377 reliqui
712 2307 782 2376 post
799 2304 971 2376 praeturam
992 2294 1024 2350 in
1045 2292 1118 2352 urhe
1140 2300 1238 2352 actam
1259 2311 1315 2370 pro
1336 2293 1460 2353 consule
1480 2295 1653 2372 provinciae
1673 2315 1772 2376 prae·

428 2413 504 2478 erat,
525 2403 579 2464 sed
600 2409 737 2477 praeerat
757 2399 786 2456 ei
807 2397 838 2456 in
859 2396 927 2472 ipsa
947 2401 1089 2469 praetura
1109 2393 1309 2470 iungebatque
1331 2411 1400 2454 cnm
1419 2393 1586 2456 honoribus
1601 2408 1770 2474 praeturae

428 2508 560 2566 honores
594 2497 834 2579 proconsulatus.
884 2493 990 2554 Potuit
1021 2503 1101 2553 recte
1133 2493 1281 2570 appellari
1309 2504 1429 2570 praetor
1456 2513 1512 2571 pro
1539 2495 1695 2574 comm)
1730 2497 1771 2557 ad

430 2605 604 2683 exemplum
635 2601 796 2680 quaestoris
819 2613 876 2674 pro
900 2605 1049 2671 praetore;
1083 2592 1136 2652 sed
1164 2593 1281 2654 videtur
1308 2594 1397 2654 aliter
1423 2613 1486 2654 mm
1515 2596 1708 2657 ordinavisse
1738 2607 1769 2657 et

428 2705 538 2766 Latine
559 2703 681 2780 quidem
702 2697 885 2761 continuisse
907 2712 940 2754 se
960 2695 1041 2754 intra
1061 2693 1174 2753 nudum
1194 2693 1315 2754 titulum
1336 2695 1498 2772 praetoris,
1521 2693 1640 2758 Graece
1661 2709 1769 2759 autem

430 2807 545 2866 dixisse
566 2821 599 2864 ee
621 2794 782 2885 οτροοτηγὸν
804 2789 912 2855 ὕπατον
933 2797 998 2855 sive
1020 2783 1268 2878 ἄρχοπρατηγέν,
1288 2795 1321 2854 id
1341 2803 1388 2856 est
1407 2803 1576 2872 praetorem
1596 2799 1768 2860 maximnm

430 2907 495 2966 eive
521 2904 711 2981 primarium,
740 2915 847 2974 nempe
872 2898 1033 2956 habentem
1057 2895 1156 2956 iaecee
1182 2893 1347 2956 duodecim.
1396 2894 1508 2957 lulium
1535 2895 1648 2960 Gaium
1676 2901 1767 2962 illum

430 3007 493 3066 sive
515 3021 576 3082 quo
597 3002 658 3062 elio
680 3000 798 3062 nemine
819 2998 885 3072 init,
907 2997 960 3074 qni
981 2996 1084 3075 paullo
1105 3005 1176 3073 post
1198 2993 1330 3056 Caesare
1352 2996 1496 3058 dictatore
1516 2999 1610 3061 Asiae
1632 3003 1767 3078 praefuit

430 3099 593 3188 στρατηγὸς
614 3094 734 3168 ὕπατος,
755 3099 829 3159 nihil
850 3098 983 3176 impedit,
1004 3097 1164 3174 quominus
1185 3096 1256 3154 item
1278 3104 1446 3184 etetuqmus
1468 3117 1503 3159 eo
1525 3099 1619 3162 ivisse
1640 3101 1765 3182 inipso

430 3213 589 3283 praeturae
611 3218 689 3260 anno
711 3202 778 3259 inre
798 3199 957 3258 habentem
978 3196 1177 3275 proconsulis,
1199 3215 1268 3257 cum
1289 3199 1466 3276 praesertim
1487 3217 1677 3280 nequaquem
1698 3223 1765 3264 cer·

431 3313 496 3363 tum
523 3302 564 3362 sit
586 3299 748 3362 Gaesarem
774 3299 948 3359 dictatorem
970 3297 1067 3374 legem
1088 3296 1125 3356 de
1147 3296 1268 3357 hiennio
1290 3308 1448 3376 praeturae
1469 3300 1547 3362 inter
1568 3303 1673 3364 urbem
1694 3323 1765 3382 pro·

431 3405 623 3482 vinciamqne
645 3399 850 3461 distribuendo
871 3397 1072 3475 aequabiliter
1092 3397 1280 3459 observasse.

540 3814 612 3876 ΧΠ.
656 3809 889 3874 anensem
910 3809 969 3872 DE
991 3805 1220 3872 PISONIBVS
1242 3809 1298 3871 ΕΤ
1320 3807 1493 3876 CRASSIS
1514 3813 1658 3878 revel.

516 3970 568 4029 Ad
595 3988 633 4030 ea
659 3987 735 4046 qnae
764 3985 855 4045 supra
883 3985 914 4044 p.
938 3966 995 4025 143
1014 3983 1078 4043 seq.
1111 3965 1241 4042 exposui
1270 3965 1307 4025 de
1335 3963 1510 4044 calpurniis
1540 3969 1704 4032 Pisonibns
1734 3985 1764 4032 et

433 4069 555 4132 Crassis
578 4069 673 4147 Frugi
700 4077 893 4129 accreverunt
918 4066 1065 4143 quaedam
1091 4083 1158 4126 curn
1185 4085 1225 4126 ex
1246 4083 1314 4125 mea
1334 4065 1462 4128 lectione
1483 4079 1545 4128 tum
1568 4089 1607 4130 ex
1628 4071 1764 4131 admoni-

431 4172 564 4232 tionibus
579 4170 721 4231 Riohardi
736 4167 877 4230 Schoenii
899 4167 957 4226 mei
978 4165 1168 4242 aliorumque
1188 4166 1363 4240 amicornm,
1385 4185 1463 4244 quae
1484 4187 1521 4229 ne
1542 4171 1653 4250 pagina
1667 4182 1763 4244 vacet,

432 4273 481 4331 hic
503 4272 621 4332 adicere
642 4269 764 4346 placuit.

518 4370 641 4428 Titulus
667 4368 800 4428 urbanus
829 4375 900 4444 post
927 4367 1002 4426 alios
1023 4366 1137 4426 relatus
1160 4365 1240 4444 apud
1262 4366 1410 4430 Orellium
1434 4389 1462 4430 n.
1479 4370 1573 4430 ³689:
1603 4371 1764 4432 tiermes

347 4501 350 4506 ,
433 4467 521 4526 XIX
533 4471 626 4544 positi
647 4478 714 4526 eunt
734 4467 770 4525 ab
786 4465 973 4526 Scriboniano
995 4477 1020 4528 et
1041 4466 1146 4527 liecne
1168 4467 1261 4545 liupr·
1281 4487 1315 4530 ec
1334 4469 1517 4545 depalatiorre
1537 4469 1568 4530 T.
1585 4470 1677 4532 Flevi
1696 4470 1763 4531 Vea-

514 4777 537 4840 ¹)
566 4776 690 4843 Iosephus
706 4777 749 4839 15,
765 4779 807 4838 10,
824 4777 870 4829 13:
889 4774 968 4834 'l't'rer
980 4768 1092 4844 ’Δμιοος
1110 4770 1190 4828 't’ieeo
1208 4767 1263 4838 ulie
1280 4768 1385 4844 Ba'hliec
1401 4771 1555 4850 sptolierrrrlc
1572 4779 1614 4832 aad
1630 4771 1763 4850 ἐπιστρέ-

432 4883 506 4936 τηγος
524 4861 650 4937 'lipacius
669 4856 783 4940 ἄρχουσι
803 4865 890 4940 βουλῇ
905 4859 973 4936 δήμῳ
991 4865 1103 4940 χαίρειν.
1135 4868 1239 4921 Deinde
1257 4871 1292 4922 ibi
1306 4877 1345 4921 est
1357 4871 1408 4923 sicr
1426 4861 1495 4941 sapei
1512 4866 1608 4923 easta
1625 4869 1671 4922 seii
1685 4863 1763 4942 ἔρχι·

434 4955 575 5027 στρατηγοῦ
591 4977 613 5008 x.
624 4975 646 5010 r.
655 4958 684 5008 λ.
725 4958 879 5010 Dnebncrua
898 4961 968 5026 qnod
987 4961 1077 5023 edidit,
1096 4975 1130 5011 ex
1148 4962 1297 5013 coniectura
1314 4969 1342 5012 nt
1360 4961 1470 5026 videtur,
1489 4953 1683 5032 incoeperim
1701 4963 1764 5014 lerri

433 5063 487 5102 non
505 5063 582 5115 poete
601 5057 669 5101 recte
687 5051 775 5102 docuit
793 5051 985 5116 Waddinqtom
1004 5051 1115 5116 epistula
1132 5054 1202 5103 enim
1220 5054 1316 5118 scripta
1333 5059 1372 5104 set
1390 5067 1479 5104 manee
1497 5053 1605 5107 Octobri
1624 5067 1648 5104 a.
1664 5053 1726 5105 tot.

509 5137 535 5201 ¹)
563 5137 674 5193 remor
687 5142 858 5210 proconsule
882 5143 928 5208 qnl
950 5141 1081 5193 invenitur
1103 5144 1131 5194 ln
1153 5143 1233 5194 titolis
1257 5143 1304 5195 stal
1322 5143 1386 5195 ltsm
1404 5157 1456 5195 nno
1474 5145 1566 5210 spirim
1584 5143 1685 5195 ridetur
1702 5141 1762 5195 ede·

433 5231 529 5282 rendae
552 5245 621 5294 esse,
645 5247 699 5283 non
722 5233 851 5297 significat
872 5239 1017 5297 praetorem
1041 5233 1183 5299 eodemque
1207 5249 1276 5287 anno
1300 5233 1495 5302 proconsulem,
1520 5233 1566 5287 sed
1586 5235 1675 5301 priore
1693 5247 1761 5286 anno

433 5325 589 5386 praetorem,
609 5323 752 5388 posteriore
770 5322 949 5388 proconsulem
969 5321 1003 5386 (v.
1023 5324 1057 5377 ad
1076 5323 1097 5387 1,
1112 5323 1185 5384 dli).
