3858 5960
647 647 697 700 nn
715 645 928 701 asseruero
944 646 1173 701 cssenonvu.
1523 631 1572 704 93

244 824 341 883 misso
366 821 473 890 refert,
499 819 636 900 legiones
662 839 702 878 ex
726 820 878 896 insperato
900 820 1056 880 victoriam
1077 819 1247 880 vindicasse
1271 821 1410 898 iuguletis
1435 823 1472 881 ud
1497 823 1575 884 loeta

244 924 416 1000 quibusdem
437 921 557 980 tribunis
578 920 708 993 militum,
730 923 896 997 interempto
911 923 1057 998 praesecto
1078 931 1237 981 castrorum
1253 925 1464 1000 praesentiaque
1477 925 1575 984 cobor-

245 1027 316 1083 tium
337 1023 380 1099 (n.
397 1022 466 1098 39);
488 1021 638 1081 exercitus
660 1038 777 1098 quoqne
791 1020 973 1081 Vitellianos
994 1020 1092 1080 fabio
1106 1021 1285 1092 Valentem
1299 1020 1429 1084 Caecina
1449 1025 1574 1086 ducibus

245 1123 358 1200 duplici
378 1122 497 1200 agmine
517 1121 637 1180 ltaliam
658 1129 794 1198 petentes
816 1122 951 1198 singulos
973 1121 1117 1181 habuisse
1137 1123 1306 1198 praefectos
1320 1131 1497 1199 castrorum,
1512 1125 1574 1186 Vs-

244 1224 336 1284 lentie
357 1224 500 1282 Alfenum
514 1220 641 1294 Verum,
662 1219 810 1281 Caecinae
830 1221 942 1281 Iulium
965 1221 1102 1296 Gratum,
1123 1231 1203 1282 recte
1223 1242 1263 1282 cx
1282 1223 1383 1284 Taciti
1404 1209 1591 1287 narratione¹

246 1324 289 1400 (ιι.
309 1323 427 1399 16.17)
449 1321 593 1382 effeceris.
635 1321 786 1382 Praefecti
807 1322 898 1399 igitur
918 1333 1099 1394 manomm,
1123 1325 1175 1400 qui
1196 1323 1361 1398 Vitellium,
1382 1344 1450 1386 cum
1470 1329 1574 1388 urbem

245 1424 460 1499 ingrederetur,
487 1423 704 1482 comitabantur
730 1422 773 1498 (ιι.
794 1423 867 1500 43),
895 1423 954 1482 duo
982 1423 1121 1482 videntur
1147 1424 1242 1484 fuisse
1270 1425 1320 1484 vel
1346 1431 1425 1486 tres:
1454 1429 1573 1488 tertium

142 1592 147 1600 ¹
246 1524 327 1583 enim
348 1524 478 1584 fortasse
492 1525 558 1601 ipse
573 1541 675 1582 aecum
690 1523 816 1582 adduxit
828 1523 979 1582 Vitellius.
1014 1525 1128 1584 Postea
1141 1542 1260 1602 quoque
1274 1525 1305 1584 in
1319 1527 1453 1588 exercitu
1467 1549 1486 1588 e
1499 1527 1575 1590 Cae·

246 1627 316 1684 cine
336 1633 440 1684 contm
460 1624 585 1684 flarius
606 1624 735 1684 adducto
757 1641 835 1682 unns
851 1622 979 1684 Oeseice
990 1623 1114 1702 Longus
1136 1623 1180 1700 (n.
1198 1625 1251 1702 19)
1271 1627 1440 1704 praefectus
1461 1636 1576 1690 caeno·

247 1745 313 1784 rum
328 1725 445 1784 videtur
465 1725 570 1784 fuisse.
603 1721 717 1784 Contra
736 1723 796 1783 duc
817 1724 977 1784 adfuerunt
997 1725 1111 1802 proelio
1125 1726 1269 1799 Variano,
1290 1744 1350 1804 quo
1363 1737 1425 1788 tres
1440 1729 1575 1806 legiones

248 1843 355 1884 caeses
381 1842 450 1885 esse
475 1833 593 1884 constet
618 1824 660 1902 (n.
678 1825 706 1884 3.
721 1825 771 1901 4);
795 1823 894 1884 Verus
920 1826 1012 1902 igitur
1036 1844 1103 1886 cum
1123 1826 1259 1906 legiones
1279 1846 1319 1888 ex
1340 1829 1473 1890 hibernie
1493 1829 1575 1890 Rhe-

246 1927 334 1985 nanis
348 1925 388 1986 ad
397 1926 553 2003 Visurgim
568 1915 698 1998 duceret,
712 1925 839 1984 duorum
853 1926 1032 1986 stativorum
1043 1925 1212 2005 praefectos
1224 1943 1325 1988 eccum
1336 1928 1475 2005 habebat,
1490 1933 1576 1992 cuiue

248 2027 292 2085 rei
313 2043 423 2086 censes
443 2027 617 2104 intellegere
637 2025 760 2086 diffcile
781 2044 842 2086 non
862 2033 917 2085 est.

330 2129 467 2188 Absente
487 2127 639 2205 praefecto
660 2127 729 2203 quis
751 2127 830 2186 vices
851 2127 916 2186 eius
936 2127 968 2185 in
987 2128 1097 2188 cestrie
1111 2143 1200 2204 egere
1214 2128 1322 2189 solitus
1336 2131 1386 2204 sit,
1407 2131 1576 2206 nescimus3

247 2245 338 2306 saepe
363 2237 462 2286 tamen
488 2247 555 2286 enm
582 2235 685 2286 cestra
711 2227 870 2304 reliquisse
895 2227 1121 2304 praefuisecque
1142 2228 1387 2290 vexillationibus
1409 2233 1508 2294 ιιιίιι
1536 2234 1576 2293 ed

247 2346 298 2388 res
325 2328 535 2404 exsequendae
562 2327 700 2399 emissis,
729 2335 847 2404 praeter
874 2328 1044 2406 exemplum
1072 2328 1227 2389 Auddieni
1253 2329 1340 2404 Rud,
1367 2349 1457 2410 quem
1484 2351 1578 2412 supra

247 2428 307 2487 iem
334 2431 497 2490 memoravi
521 2428 725 2489 vexillationis
752 2436 821 2488 ente
847 2437 984 2505 coeptam
1009 2428 1183 2488 seditionem
1209 2430 1414 2492 Pannonicum
1435 2433 1576 2514 Naupor·

247 2535 313 2588 tum
339 2528 450 2590 missae
471 2529 576 2590 ducem
597 2528 641 2604 (u.
657 2527 706 2604 6),
732 2529 820 2589 docet
838 2529 1007 2607 praefectus
1027 2539 1207 2603 caseorum,
1234 2531 1287 2607 qui
1314 2549 1393 2590 enno
1409 2532 1449 2592 ⁵0
1470 2537 1575 2595 cohor-

248 2628 327 2688 tibus
350 2629 527 2709 legicneriis
553 2637 673 2707 praeest
697 2629 736 2688 ed
762 2629 946 2690 exstruenda
966 2630 1047 2706 apud
1068 2626 1184 2690 Siluras
1204 2631 1358 2706 praesidia
1377 2633 1489 2693 relictis
1509 2653 1576 2696 ces·

248 2731 350 2806 sisque
375 2747 397 2788 a
417 2729 572 2790 Britannis
593 2729 638 2806 (ιι.
653 2728 723 2806 42),
747 2730 819 2789 item
840 2730 971 2794 Insteius
993 2726 1113 2806 Capito,
1135 2731 1184 2790 cni
1206 2729 1340 2790 Corbulo
1366 2733 1446 2791 bello
1466 2735 1576 2794 Arme

247 2830 333 2888 niaco
355 2831 482 2890 castelle
501 2831 648 2891 nonnulle
668 2831 870 2908 expugnanda
889 2829 981 2888 tradit
1001 2828 1046 2906 (n.
1063 2830 1125 2906 14),
1146 2829 1273 2907 denique
1291 2829 1445 2892 Liternius
1458 2833 1575 2896 Fronto

247 2929 479 3006 legionariorum
501 2933 678 2992 selectorum
699 2932 761 2991 dux
780 2931 860 2990 bello
879 2929 1004 2990 ludeico
1024 2929 1208 2990 Alexandria
1228 2929 1267 2990 ed
1288 2930 1502 3012 Hierosolyma
1522 2955 1575 3014 op·

248 3031 410 3108 pugnanda
429 3033 591 3092 missorum
614 3033 656 3109 (n.
673 3031 737 3109 21).

331 3133 397 3191 Iam
417 3133 610 3210 intellegitur,
632 3134 749 3211 opinor,
774 3131 879 3191 curin
900 3131 995 3202 titulis
1017 3131 1129 3191 saeculi
1150 3131 1238 3208 primi
1260 3142 1322 3192 tem
1343 3152 1411 3194 raro
1432 3137 1575 3214 praefecti

248 3243 415 3292 castrorum
436 3233 524 3294 titulo
546 3233 674 3292 addetur
693 3232 782 3309 legio,
803 3241 836 3292 ut
855 3239 972 3292 constet
991 3231 1158 3310 legitimum
1177 3250 1285 3294 nomen
1307 3253 1367 3294 non
1380 3235 1477 3296 fuisse
1487 3255 1577 3314 pree·

241 3337 316 3411 secti
341 3343 500 3394 cornorum
526 3335 644 3411 legionis
670 3333 765 3404 illiue,
792 3333 844 3393 sed
866 3335 1008 3411 preesemi
1033 3343 1206 3394 suenorum:
1232 3334 1404 3412 frequenter
1430 3339 1510 3398 enim
1540 3357 1577 3398 ee

247 3441 346 3492 aetate
372 3434 482 3492 stativa
502 3434 603 3512 plures
624 3434 769 3512 legiones,
791 3433 936 3492 nonnulle
955 3452 994 3492 ιιι
1009 3451 1099 3493 unam
1113 3435 1234 3509 quidem
1248 3436 1368 3512 plenam
1384 3441 1576 3516 comprehen-

248 3533 372 3605 debant3
393 3534 496 3610 itaque
513 3537 655 3611 praefecti
675 3544 835 3595 suenorum
856 3535 974 3611 legionis
995 3534 1076 3592 illiue
1098 3533 1117 3592 ii
1139 3544 1253 3594 ιιιιιιιιιι
1272 3537 1418 3612 preelecti
1432 3547 1462 3596 ct
1475 3541 1577 3599 vocari

248 3642 388 3712 poterent
407 3643 438 3694 et
458 3637 652 3709 sonabantur,
670 3636 722 3712 qui
744 3635 852 3696 cestris
872 3641 1039 3711 praeerant,
1061 3635 1122 3708 ubi,
1144 3645 1177 3695 ut
1197 3637 1228 3696 in
1247 3637 1410 3711 Africanis,
1431 3657 1492 3699 une
1512 3659 1577 3702 mo·

249 3737 371 3794 rebatur
396 3736 484 3814 legio.
526 3737 591 3794 Iam
618 3736 645 3797 ei
670 3737 791 3796 saeculo
813 3734 943 3796 secundo
965 3735 1149 3794 contrarium
1169 3731 1258 3795 usum
1280 3738 1411 3798 valuisse
1430 3741 1578 3815 videmus,

249 3836 388 3895 nimirum
414 3846 448 3895 ιιι
472 3855 591 3913 semper
615 3837 744 3896 addatur
768 3836 861 3915 legio,
892 3835 978 3906 inde,
1006 3835 1121 3912 opinor,
1150 3836 1327 3896 concludere
1355 3838 1513 3915 debemus,
1541 3861 1579 3902 ea

250 3945 349 3996 aetate
369 3937 438 4014 plus
459 3955 520 3996 une
539 3937 659 4014 legione
680 3955 833 4014 nunquam
854 3936 948 3994 fuisse
969 3935 1000 3994 in
1022 3934 1143 4007 cestris,
1168 3936 1296 4010 ideoque
1318 3953 1405 3996 suum
1430 3958 1578 4016 quemque

249 4037 398 4114 legionem
419 4037 562 4097 habuisse
583 4038 765 4114 praefectum
785 4045 962 4096 castrorum.
1003 4033 1044 4094 Et
1057 4051 1129 4093 vero
1149 4034 1194 4094 ite
1213 4052 1262 4094 ree
1284 4051 1318 4094 se
1332 4036 1430 4096 habet.
1469 4039 1579 4100 Tradit

250 4138 329 4198 enim
350 4136 512 4200 Suetonius
537 4138 589 4198 rit.
611 4137 724 4198 Domit
741 4138 759 4197 7
766 4157 773 4195 ι
803 4135 1012 4214 (Domitiorum)
1034 4137 1176 4211 pertineri
1203 4135 1341 4211 bqbuem
1366 4147 1462 4196 cuano
1477 4140 1577 4216 proiti-

250 4238 317 4308 bm't,
339 4255 390 4298 uec
406 4239 477 4315 ples
497 4257 584 4316 quem
603 4239 681 4298 mille
699 4257 826 4298 nummos
847 4255 867 4296 ι
888 4253 1030 4314 quoquam
1050 4237 1091 4294 od
1103 4238 1189 4311 ripen
1202 4236 1321 4310 deponi,-
1341 4237 1420 4312 meod
1432 4236 1471 4298 L.
1486 4239 1578 4298 Anto·

249 4341 314 4396 niue
339 4340 421 4414 epod
446 4341 568 4399 duorum
595 4339 735 4416 lepionem
762 4339 945 4398 hibernaret
966 4353 1055 4396 ecum
1076 4335 1191 4394 molieris
1206 4335 1345 4412 fiducicm
1365 4341 1472 4414 cepisse
1493 4344 1576 4401 enom

250 4456 285 4496 ee
311 4439 499 4526 depositorum
524 4459 633 4498 summo
658 4441 816 4500 uidebatur.
857 4439 933 4498 Inde
959 4438 997 4496 ab
1019 4437 1186 4496 Domitiani
1212 4436 1303 4512 igitur
1324 4447 1422 4498 aetate
1443 4440 1578 4518 legiones

251 4538 385 4614 singulae
406 4546 440 4598 nt
460 4550 560 4598 cestre
580 4557 636 4599 sue
656 4540 699 4598 ite
718 4540 885 4616 praefectos
907 4549 1072 4598 castrorum
1094 4535 1252 4595 hebebant

333 4638 522 4700 creabantur
535 4649 635 4699 antem
649 4640 790 4718 praefecti
805 4649 972 4700 castrorum
987 4640 1025 4698 eb
1040 4639 1226 4713 Imperatore
1241 4636 1283 4713 (n.
1297 4637 1342 4714 7),
1363 4639 1443 4699 dicto
1457 4643 1578 4703 audien-

251 4747 296 4796 tes
323 4745 409 4798 erent
435 4757 508 4799 suae
534 4742 664 4818 quisque
689 4739 862 4816 provinciae
886 4739 995 4817 legatis
1022 4737 1065 4814 (n.
1084 4737 1131 4795 14.
1150 4737 1212 4813 15).
1253 4735 1336 4797 Num
1357 4749 1458 4800 eutem
1479 4743 1579 4820 legato

249 4837 377 4915 legionis
399 4858 518 4918 quoque
541 4841 652 4900 subditi
674 4841 794 4913 fuerint,
816 4839 887 4899 mibi
908 4839 1027 4916 quidem
1043 4837 1129 4897 valde
1151 4837 1274 4896 dubium
1296 4845 1352 4912 est,
1372 4841 1463 4900 immo
1478 4852 1580 4920 aperte

250 4941 431 5016 negaverim.
473 4940 581 5020 Neque
607 4942 701 5015 enim,
727 4960 789 5017 que
814 4941 930 5000 ratione
955 4938 1034 5018 apud
1057 4937 1194 4998 Tacitum
1222 4938 1468 5017 (ιι.14.17.19)
1496 4943 1581 5002 iuxta

250 5039 383 5116 legatum
406 5051 683 5114 commemorantur,
705 5059 802 5118 neque
823 5059 900 5119 quae
921 5059 1012 5118 supra
1033 5039 1070 5099 de
1091 5039 1251 5116 praefectis
1273 5046 1440 5098 castrorum
1457 5042 1580 5121 Aegyp·

249 5142 397 5202 tiecorum
425 5145 555 5220 expoeul
581 5143 655 5202 setis
682 5142 863 5202 conveniunt
889 5141 1036 5202 eiusmodi
1058 5139 1236 5200 condicioni.
1278 5138 1345 5200 Nec
1364 5139 1493 5218 denique
1513 5161 1579 5220 per·

252 5243 427 5318 spiceretur,
453 5243 500 5304 cui
526 5261 565 5304 ex
590 5243 697 5322 legetis
723 5243 874 5320 legionum
900 5242 1023 5304 deberet
1048 5241 1183 5313 obedire,
1210 5241 1237 5300 si
1265 5240 1384 5316 quando
1411 5242 1580 5320 complures
