3826 5962
427 593 504 668 234
1019 610 1164 664 tonnus

425 713 580 726 μ

425 788 536 864 possit:
570 801 750 860 quamquam
778 785 815 842 ds
841 785 898 842 hoo
924 785 1063 862 exemplo
1091 784 1164 861 quid
1196 783 1385 842 statuendum
1412 781 1453 840 sit
1477 781 1558 838 inira
1583 781 1766 839 accuratius

426 895 595 964 quaeretur.
642 886 769 961 denique
790 886 935 945 habemus
958 887 995 944 de
1017 885 1169 945 Fortunae
1195 883 1348 944 muliebris
1371 883 1451 941 sacri
1472 881 1586 960 origine
1607 881 1767 939 narratio·

427 1006 495 1047 nem
517 987 606 1062 longe
627 987 836 1062 gravissimam
859 987 940 1062 apud
960 987 1141 1064 Dionysium
1163 988 1192 1059 8,
1215 985 1254 1046 55
1276 1003 1302 1044 s.
1345 991 1469 1044 senatus
1493 984 1586 1060 igitur
1609 982 1768 1058 populus·

428 1106 487 1164 que
514 1087 668 1146 Romanus
695 1089 727 1146 in
755 1091 898 1147 honorem
928 1089 1032 1146 matris
1061 1085 1215 1146 Coriolani
1240 1086 1393 1146 Fortunae
1423 1083 1558 1142 muliebri
1587 1083 1696 1142 aedem
1728 1100 1767 1142 eo

426 1188 504 1259 loco,
526 1189 577 1246 ubi
598 1189 654 1246 illa
673 1189 769 1248 filium
787 1189 962 1266 placaverit,
983 1188 1150 1247 faciendam
1165 1197 1343 1246 censuerunt
1363 1175 1474 1253 τέμενος
1494 1207 1525 1241 σε
1546 1180 1657 1254 ὠνηθὲν
1678 1179 1766 1242 καθ-

427 1283 580 1371 ιερωθῆνιιι
610 1291 646 1366 τῇ
676 1285 742 1365 θεῷ
780 1291 851 1366 (boc
883 1300 930 1349 est
962 1291 1055 1349 lucum
1087 1291 1308 1349 consecrandum
1332 1287 1397 1346 sive
1423 1285 1625 1361 dedicendum)
1659 1275 1713 1342 acci
1737 1283 1766 1342 ἐν

427 1382 508 1464 αὐτῶ
528 1383 595 1446 νεῶν
615 1378 664 1447 καὶ
685 1383 786 1454 Βωμον
809 1413 846 1451 ως
868 1414 902 1447 αν
925 1413 947 1447 οι
969 1380 1157 1473 ιιρομνῆμονις
1177 1385 1339 1470 ἐξηγῶνται
1361 1382 1600 1457 συντελεσθῆναι.
1632 1385 1767 1444 Valeria

427 1498 544 1548 creatur
565 1491 717 1564 sacerdos,
739 1492 881 1552 mulieres
903 1510 992 1551 secra
1011 1493 1109 1568 prima
1128 1491 1243 1552 iaciunt
1264 1478 1332 1572 ὑπὲρ
1354 1489 1406 1545 τοῦ
1427 1477 1515 1554 δι’μου
1542 1487 1613 1563 (pro
1630 1486 1764 1564 populo)

429 1631 437 1648 .
461 1633 469 1647 .
491 1580 536 1646 ini
561 1593 613 1648 τοῦ
638 1584 932 1654 κατασκευασθέντος
960 1590 987 1649 ἔν
1018 1595 1059 1668 τῷ
1085 1583 1188 1660 τιμὲνει
1219 1582 1325 1657 βωμοῦ
1356 1589 1551 1666 (constitutam
1582 1588 1643 1647 dici
1676 1607 1766 1646 aram

426 1689 513 1764 nota)
534 1681 597 1769 πρὶν
617 1681 636 1760 ἢ
656 1687 704 1748 τδν
725 1687 792 1750 νεῶν
813 1683 861 1750 καὶ
883 1688 914 1750 ro*
937 1685 1041 1774 ξοανον
1061 1687 1277 1761 ἀνασταθῆναι,
1299 1678 1430 1748 kalendis
1444 1691 1659 1761 Decembribus,
1689 1680 1763 1758 αὕτη

428 1783 486 1873 γαρ
508 1778 539 1857 ἦν
560 1786 576 1861 ἦ
597 1781 717 1850 λῶτασα
739 1787 786 1850 τδν
805 1784 925 1860 πόλεμον
940 1783 1038 1876 cinips·
1060 1792 1178 1869 ἐνιαυτῷ
1199 1781 1230 1849 δὲ
1252 1783 1367 1874 ὕστερον
1382 1780 1499 1872 διυτὲριρ
1521 1784 1593 1856 μετὰ
1613 1785 1664 1860 τὴν
1687 1781 1764 1874 πρῶ·

427 1911 478 1959 την
499 1883 610 1949 θυσίαν
632 1889 648 1950 e‘
669 1885 926 1956 κατασκευασθεὶς
947 1895 979 1952 ἐκ
1001 1885 1138 1964 δημοσίων
1165 1882 1327 1974 χρημάτων
1354 1886 1421 1952 tuedo
1444 1881 1637 1960 συνιτελὲσὲη
1660 1913 1693 1949 τε
1715 1881 1765 1948 καὶ

427 1983 613 2073 καθιερώθη,
630 1997 728 2071 pridie
740 2015 832 2056 nonas
852 1996 1003 2067 Quintiles.
1035 1995 1141 2055 deinde
1162 2013 1187 2053 o.
1204 1993 1243 2054 56
1265 2001 1406 2052 narratur
1426 1993 1550 2052 alterum
1572 1993 1647 2050 deae
1670 1993 1763 2052 simu-

427 2092 542 2150 lscrum
565 2082 716 2170 (ἄγαλμα)
739 2098 879 2157 mulieres
901 2097 938 2156 de
961 2115 1016 2157 sua
1036 2097 1164 2174 pecunia
1187 2095 1312 2155 iecisse:
1346 2083 1511 2152 ἀναθέντων
1538 2082 1568 2150 δὲ
1594 2085 1763 2177 ἆοφοτὲρων

429 2189 457 2247 ἒν
484 2193 520 2268 τῇ
545 2185 638 2276 πρῶτῃ
665 2197 717 2264 τῆς
745 2190 917 2280 ἆνιερῶσιως
942 2189 1029 2280 ἧμὲρςι
1049 2187 1175 2282 θάτερον
1196 2198 1252 2255 τῶν
1274 2184 1478 2278 ἀφιδρυμάτων
1506 2181 1521 2250 δ
1541 2183 1764 2252 κατισκεῶαταν

430 2293 566 2366 «γυναῖκες
601 2287 778 2376 ε’φθὲγξατο
810 2302 920 2356 πολλῶν
950 2301 1100 2381 παρουσῶν
1134 2290 1229 2373 φωνὴν
1261 2286 1409 2353 εῶσῶνετον
1448 2283 1497 2352 καὶ
1529 2285 1658 2370 γεγωνῶν
1685 2337 1692 2353 .
1723 2335 1762 2353 ..

431 2385 499 2468 ὅσιίρ
532 2383 643 2455 πόλεως
673 2386 747 2471 νέμω
780 2401 914 2474 γυναῖκες
946 2390 1068 2473 γαμεταὶ
1101 2389 1245 2454 διδῶκατι
1270 2419 1329 2466 μοι,
1366 2395 1473 2455 deinde
1501 2392 1529 2452 ἒν
1553 2387 1654 2464 μείζονι
1680 2397 1765 2472 φωνῇ

430 2487 462 2548 τδ
485 2489 555 2550 nuri
578 2485 683 2576 ξῶανον
705 2489 882 2580 ἐφθέγξατο
904 2495 952 2569 τὴν
974 2495 1061 2570 ciria
1082 2489 1160 2580 λέξιν
1183 2489 1257 2556 uim
1278 2485 1363 2568 μηδὲν
1383 2488 1423 2555 ἔτι
1445 2485 1513 2552 εἶναι
1535 2489 1567 2552 τδ
1589 2489 1763 2573 ἀμφίλογον.

432 2611 493 2671 qua
518 2614 552 2653 rs
572 2605 732 2674 *comperta
757 2608 787 2659 st
815 2609 936 2659 senatus
966 2601 1083 2660 censuit
1104 2592 1215 2660 θυσίας
1236 2586 1330 2660 ἄλλοις
1350 2586 1398 2654 καὶ
1420 2588 1592 2664 σεβασμούς
1611 2597 1714 2657 iacere
1736 2611 1766 2656 et

431 2695 571 2755 mulieres
598 2698 793 2759 decreverunt
817 2721 855 2760 nc
879 2703 927 2760 bis
956 2709 1067 2780 nuptae
1093 2719 1221 2760 coronas
1247 2699 1321 2758 deae
1346 2698 1452 2757 darent
1472 2717 1576 2758 eamve
1596 2707 1762 2777 tangerent.

431 2795 587 2856 invenerat
613 2799 705 2877 igitur
729 2801 898 2878 Dionysius
924 2803 1011 2862 binus
1038 2802 1241 2860 narrationes:
1274 2801 1399 2858 alteram
1424 2807 1581 2876 praeterea
1607 2805 1765 2860 servarunt

433 2895 603 2972 bipertitam
625 2899 738 2960 Festus
761 2902 804 2979 (p.
823 2903 893 2962 242.
917 2903 1005 2978 243):
1038 2907 1087 2962 via
1112 2903 1224 2960 Latina
1255 2903 1296 2959 ad
1322 2901 1398 2958 IIII
1425 2900 1582 2958 miliarium
1613 2901 1763 2978 (signum)

433 2996 582 3056 Fortunae
602 3001 745 3062 muliebris
766 3006 851 3078 nesus
873 3016 915 3064 est
934 3007 1036 3080 attingi
1056 3008 1114 3062 uisi
1135 3005 1172 3063 ab
1194 3023 1228 3062 sa
1248 3021 1322 3078 quae
1343 3001 1428 3061 semel
1447 3005 1555 3076 nupsit,
1577 3009 1607 3059 et
1623 3001 1765 3061 Valerius

434 3097 587 3159 Maximus
607 3101 651 3175 (l,
664 3103 693 3175 8,
705 3105 755 3179 4):
777 3106 925 3168 Itbrtuuce
946 3110 1030 3164 etium
1050 3105 1196 3164 muliebris
1219 3103 1402 3162 simulacrum
1423 3104 1502 3184 quod
1522 3113 1564 3161 est
1582 3101 1693 3160 Latina
1716 3107 1765 3162 uia

434 3199 477 3254 ad
496 3200 549 3257 IV
566 3201 722 3260 miliarium
749 3223 779 3262 eo
809 3215 933 3280 tempore
957 3225 1018 3264 cunr
1045 3207 1114 3265 aede
1147 3213 1348 3274 consecratum,
1380 3221 1435 3279 quo
1462 3204 1631 3263 Coriolanus
1658 3203 1695 3261 ab
1719 3223 1765 3262 es·

435 3296 510 3354 sidio
536 3301 615 3358 urbis
641 3311 786 3364 mutet-nas
807 3324 907 3381 preces
934 3307 1132 3382 reppulerunt,
1159 3324 1216 3362 nou
1241 3306 1326 3363 semel
1351 3305 1402 3362 sed
1427 3305 1469 3362 bis
1491 3305 1613 3362 lacuum
1632 3309 1765 3376 constitit,

432 3400 518 3474 prius
540 3400 584 3459 lis
606 3403 715 3463 uerbis:
742 3408 797 3464 rite
822 3425 864 3464 me
890 3417 1036 3465 mamonae
1063 3407 1181 3464 dedistis
1208 3408 1316 3480 riteque
1344 3407 1498 3464 dedicantis
1530 3404 1596 3479 (ubi
1618 3409 1701 3480 prius
1730 3406 1766 3464 ab

435 3497 558 3557 homine
584 3503 636 3576 qui
662 3513 754 3563 totum
777 3525 840 3564 rem
862 3525 922 3566 non
943 3506 1126 3566 intellexerit
1146 3507 1293 3564 insertum
1315 3523 1382 3564 esse
1403 3506 1519 3564 videret
1540 3504 1639 3577 Turn,
1657 3509 1766 3580 priscis

436 3599 517 3672 quod
539 3601 694 3663 substituit
714 3604 853 3666 Halmius
875 3625 936 3666 non
957 3607 1115 3684 intellego:
1139 3607 1211 3684 quid
1234 3607 1312 3682 enim
1334 3607 1424 3682 prisci
1446 3606 1592 3666 sermonis
1612 3607 1644 3664 in
1666 3608 1766 3665 verbis

435 3695 542 3774 illisi).
586 3701 674 3762 hnins
702 3709 884 3768 narrationis
911 3709 971 3767 vim
998 3708 1167 3785 Dionysius
1193 3726 1313 3784 pessum
1341 3707 1423 3766 dedit
1448 3724 1504 3766 suo
1530 3713 1626 3765 marte
1652 3707 1704 3778 ita,
1733 3715 1767 3765 ut

437 3797 524 3857 deam
538 3819 598 3859 non
612 3803 656 3863 ibi
678 3825 697 3864 a
710 3809 886 3868 mulieribus
909 3819 1114 3868 consecratum
1135 3810 1256 3880 laceret,
1277 3808 1328 3866 ubi
1349 3808 1457 3866 iterum
1479 3808 1573 3867 verbe
1592 3807 1647 3866 illa
1667 3808 1768 3866 locuta

423 3899 517 3958 'esset
538 3902 622 3978 (nam
643 3906 734 3967 huius
756 3909 851 3988 ipsius
873 3911 917 3968 rei
938 3928 1009 3987 ergo
1030 3917 1123 3968 totam
1146 3929 1209 3968 rem
1230 3909 1346 3976 narrari
1367 3908 1454 3966 docet
1470 3907 1609 3968 Valerius
1627 3910 1767 3986 exemplo

437 4018 473 4058 eo
495 4005 575 4078 quod
596 4010 772 4087 praecedit),
805 4013 859 4072 sed
884 4012 1011 4070 alterum
1038 4011 1232 4070 simulacrum
1260 4010 1386 4086 fingeret
1410 4010 1458 4068 bis
1483 4010 1575 4086 loqui,
1606 4008 1714 4068 iterum
1741 4009 1768 4066 ἐν

437 4095 539 4174 wiffam
561 4110 644 4186 φωνῇ
664 4102 738 4168 uis-rs
758 4102 843 4182 μηδὲν
864 4103 903 4170 ἔτι
925 4101 994 4170 εἶναι
1015 4104 1193 4186 municimen:
1221 4111 1338 4170 scilicet
1358 4129 1425 4170 eum
1447 4110 1575 4185 primum
1595 4109 1769 4186 loqueretur

437 4205 579 4266 mulieres
608 4210 644 4268 de
670 4231 754 4272 more
779 4215 858 4273 inter
886 4232 920 4272 se
946 4213 1111 4291 garrientes
1144 4213 1183 4270 ad
1209 4211 1339 4270 divinam
1371 4229 1476 4270 vocem
1501 4229 1561 4270 non
1587 4211 1767 4270 attendisse!

437 4301 494 4364 has
515 4307 644 4384 ineptias
666 4331 733 4372 esse
756 4313 898 4390 Dionysii
924 4333 978 4372 nec
1006 4313 1140 4391 potuisse
1170 4312 1260 4372 scribi
1285 4312 1316 4369 in
1343 4313 1566 4372 commentariis
1594 4312 1768 4388 pontificiis,

439 4407 573 4480 apparet.
613 4427 706 4483 quare
727 4431 794 4471 cum
820 4415 904 4472 dicit:
937 4408 986 4480 triv
1009 4403 1176 4488 ἐπιφάνειαν
1197 4408 1259 4470 κατ’
1283 4411 1383 4470 ἐκεῖνον
1405 4407 1453 4470 τῶν
1474 4403 1579 4496 χρόνον
1602 4409 1664 4491 οὐχ
1684 4405 1769 4492 ἅπαξ

440 4497 518 4558 ἄλλα
541 4499 583 4564 δίς
610 4507 668 4582 (sis
689 4509 838 4590 Urbinas)
862 4509 898 4573 uic
920 4513 949 4571 ui
970 4517 1027 4572 τῶν
1048 4513 1221 4596 ἱεροφαντῶν
1242 4505 1408 4597 περιέχουσι
1431 4504 1543 4598 γραφαὶ
1566 4557 1573 4573 .
1596 4555 1604 4572 .
1628 4558 1636 4573 .
1659 4513 1771 4572 indicat

440 4602 544 4663 eadem
565 4606 620 4666 illa
640 4626 717 4684 qnae
740 4615 869 4674 breviter
890 4614 1029 4675 Valerius
1050 4614 1140 4674 babet
1162 4615 1205 4690 (et
1226 4623 1299 4673 nota
1319 4633 1449 4693 congrua
1470 4615 1550 4692 apud
1571 4615 1657 4674 illum
1678 4614 1771 4673 verbu

439 4722 497 4763 uon
511 4708 595 4766 amuel
609 4712 661 4769 sed
672 4711 730 4790 bis)
752 4715 852 4790 paullo
874 4717 1022 4794 prolixius
1043 4723 1166 4774 narratu
1187 4716 1266 4792 apud
1290 4718 1442 4776 annalium
1469 4718 1645 4794 scriptorem
1666 4713 1770 4775 nescio

440 4823 539 4882 quem,
566 4811 619 4886 qui
644 4814 865 4890 pontificiorum
890 4818 1036 4878 librorum
1059 4819 1240 4876 mentionem
1261 4818 1421 4890 iniecisset,
1442 4817 1552 4894 legisse
1574 4827 1604 4877 et
1625 4835 1665 4875 ex
1685 4825 1771 4894 parts

442 4925 504 4966 non
518 4909 717 4988 intellexisse,
740 4935 779 4976 ex
793 4928 879 4994 perte
899 4921 942 4978 ita
955 4927 987 4978 ut
1006 4920 1070 4978 dixi
1091 4919 1277 4992 immutasse,
1299 4939 1336 4978 ns
1355 4937 1489 4998 pugnare
1509 4919 1682 4977 viderentur
1703 4935 1772 4976 curn

443 5008 539 5068 altera
556 5013 610 5072 illa
629 5017 732 5093 templi
753 5019 878 5099 originis
893 5021 1019 5080 historia
1039 5040 1078 5079 ex
1099 5021 1159 5080 alio
1182 5021 1264 5080 fonte
1285 5022 1388 5098 petita,
1410 5021 1496 5080 cuius
1518 5029 1623 5079 auctor
1644 5019 1681 5077 dc
1703 5035 1772 5077 con-

443 5109 548 5170 stituto
573 5113 617 5173 ibi
643 5118 801 5180 simulacro
828 5123 880 5182 ubi
905 5123 1012 5182 iterum
1039 5131 1120 5181 esset
1145 5122 1277 5182 locutum
1298 5121 1374 5181 nihil
1394 5121 1567 5180 tradiderat.
1611 5118 1773 5179 sedistis

442 5209 548 5274 dicbus
574 5225 712 5280 accurate
736 5223 902 5285 rettulerat.
929 5232 962 5282 ut
983 5223 1110 5283 dubitari
1133 5241 1192 5282 non
1218 5225 1316 5298 possit
1336 5222 1489 5283 Fortunae
1510 5220 1649 5281 muliebri
1671 5220 1703 5278 in
1724 5218 1773 5276 ria
