3826 5962
341 517 414 590 210
886 529 1114 593 usnovssnr

422 709 450 765 Δ
472 704 702 781 municipalibus
724 701 930 763 sacerdotibus
952 701 1179 781 distinguendus
1201 708 1246 762 eat
1267 719 1402 762 summus
1423 702 1595 782 provinciae
1617 697 1665 761 sa·

339 808 459 880 cardos,
488 805 586 882 qualis
613 804 670 864 luit
697 806 753 864 snb
774 803 878 863 Nerva
904 802 1102 881 Scopelianus
1132 803 1282 880 sophista,
1311 797 1465 887 ἀρχνιριῦα
1491 805 1540 874 τῆς
1563 795 1666 864 Ἀσίαν

339 909 501 985 (Philostr.
525 905 562 966 V.
586 903 617 966 S.
643 907 669 978 l,
691 904 740 976 21,
763 903 811 981 2).
855 905 1007 965 Aristides
1034 923 1152 982 quoque
1179 905 1209 964 in
1236 905 1331 964 sacris
1359 905 1560 976 orationibus,
1587 921 1664 982 quas

339 1009 461 1087 scripsit
481 1027 507 1068 a.
523 1027 553 1086 p.
569 1004 640 1066 Chr.
656 1005 714 1066 175
736 1005 956 1082 (Waddington
976 1007 1026 1066 Vis
1040 1009 1079 1064 da
1094 1007 1207 1066 rldteur
1220 1003 1351 1066 Aristide
1364 1010 1394 1066 iu
1408 1005 1493 1064 Μόνη.
1509 1007 1546 1065 ds
1560 1003 1664 1064 Focari.

338 1112 366 1170 d.
389 1115 475 1170 imcr.
500 1107 578 1168 1867
606 1127 634 1183 p.
651 1105 726 1182 252)
753 1107 811 1166 sibi
837 1107 897 1183 ipsi
924 1127 943 1166 a
968 1105 1142 1184 Smyrnaeis
1169 1101 1220 1177 τὴν
1245 1097 1394 1189 ἱερωτόνην
1421 1100 1470 1176 τὴν
1495 1099 1588 1175 κοινὴν
1616 1107 1666 1174 τῆς

335 1203 440 1270 Ἀσίας
467 1210 598 1270 oblatam
626 1225 694 1268 esse
722 1217 824 1267 narrat
853 1209 943 1267 voli
964 1229 994 1286 p.
1011 1209 1069 1268 531
1092 1206 1201 1278 Dind,
1229 1206 1521 1285 Smyrnaeornmque
1548 1207 1664 1284 legatos

339 1302 515 1394 (συνέδρους)
542 1311 572 1370 in
598 1309 746 1368 communi
772 1309 899 1368 concilio
926 1308 969 1384 (ἐν
994 1311 1035 1385 τῷ
1056 1301 1189 1392 συνεδρίῳ
1210 1307 1369 1385 episcopi)
1395 1325 1428 1367 ee
1454 1307 1665 1379 nominavisae,

338 1413 558 1489 conciliumque
579 1429 686 1470 nomen
709 1427 795 1470 suum
817 1411 965 1487 recepisse
986 1411 1064 1470 inter
1085 1427 1148 1482 eos,
1170 1428 1208 1468 ex
1231 1409 1338 1486 quibus
1358 1409 1517 1486 proconsul
1532 1410 1664 1470 laturum

338 1514 510 1591 provinciae
536 1512 722 1572 sacerdotem
749 1512 929 1590 designaret.
972 1511 1113 1588 Inprimis
1133 1529 1205 1570 vero
1232 1529 1268 1570 es
1292 1517 1390 1570 aetate
1416 1510 1556 1586 frequens
1583 1511 1665 1572 illius

339 1615 504 1674 sacerdotis
535 1621 583 1674 est
610 1613 738 1685 mentio,
770 1629 846 1689 qua,
875 1610 991 1671 Christi
1019 1613 1155 1671 doctrina
1182 1611 1277 1688 magis
1306 1612 1462 1690 magisque
1489 1618 1664 1688 propagata,

338 1713 523 1775 Graecorum
550 1715 672 1773 deornm
699 1713 791 1772 cultui
818 1713 957 1772 interitus
983 1713 1097 1772 instare
1123 1713 1289 1772 videbatur.
1332 1711 1379 1770 Eo
1407 1721 1540 1788 tempore
1564 1713 1664 1772 Maxi-

338 1817 437 1876 minus
458 1813 677 1891 (sos-313),
705 1823 739 1872 ut
764 1821 811 1872 est
837 1814 918 1890 apud
939 1813 1057 1872 Euseb..
1073 1812 1114 1873 H.
1136 1813 1173 1872 Ε.
1196 1813 1215 1874 8
1249 1813 1340 1884 14,9
1367 1813 1497 1872 institnit
1522 1804 1609 1896 ἱερέας
1633 1836 1664 1870 τε

338 1907 461 1974 εἰδώλων
481 1910 557 1974 κατὰ
578 1905 672 1972 πάντα
695 1907 779 1970 τᾶπον
800 1903 848 1970 ucri
869 1904 951 1971 mito
971 1903 1019 1972 nai
1041 1903 1085 1971 tri
1107 1905 1211 1970 τούτων
1233 1904 1353 1982 ἑκάστης
1368 1906 1514 1997 ἐπαρχίας
1527 1903 1664 1997 ἄρχνερεά

337 2019 392 2074 τῶν
423 2017 451 2075 ἰν
482 2008 633 2076 rroisrrr'rrse
663 2005 713 2071 ἕνα
739 2005 773 2090 γὲ
797 2037 859 2072 τινα
887 2008 934 2071 τᾶν
958 2005 1092 2092 μάλιστα
1117 2012 1251 2092 inpressis
1276 2008 1324 2074 dni
1350 2005 1447 2082 ueiens
1474 2005 1662 2098 iuups'rifrruroe

331 2110 524 2201 λειτουργίας,
545 2127 575 2175 et
596 2117 652 2175 sub
667 2115 785 2174 Iuliano
808 2115 1003 2192 (eso-363)
1025 2123 1087 2176 tres
1108 2115 1280 2175 huiusmodi
1303 2116 1475 2176 sacerdotes
1497 2116 1561 2176 noti
1583 2125 1663 2186 snut,

337 2219 530 2292 Theodorus,
557 2211 710 2300 ἀρχιερεύς
735 2218 787 2286 τῆς
807 2211 923 2284 Ἀτίας,
951 2217 990 2276 ad
1016 2235 1104 2294 quem
1131 2217 1267 2277 lulianus
1294 2218 1414 2294 scripsit
1434 2217 1591 2294 epistolam
1607 2216 1660 2288 633

338 2322 495 2392 Arsacias,
522 2309 673 2402 ἀρχιερεῦς
693 2317 742 2388 τῆς
762 2311 921 2383 Γαλατίας,
943 2319 991 2376 oni
1012 2319 1090 2378 idem
1112 2318 1234 2377 mandat
1255 2337 1300 2394 ep.
1318 2319 1372 2390 49,
1400 2325 1433 2377 ut
1454 2333 1558 2378 severe
1580 2337 1663 2378 coer·

336 2433 402 2482 cest
428 2437 532 2481 omnes
560 2417 700 2478 Galatiae
726 2417 919 2488 sacerdotes,
941 2416 1020 2476 dicto
1048 2418 1203 2476 audientes
1231 2418 1373 2502 praemiis
1401 2419 1528 2492 alliciat,
1557 2429 1663 2480 contu·

336 2541 435 2584 maces
464 2519 633 2582 sacerdotio
662 2519 811 2594 expellat3
845 2517 973 2594 deniqne
1001 2517 1240 2594 Chrysanthius,
1270 2518 1307 2576 de
1336 2536 1395 2596 quo
1424 2519 1515 2578 tradit
1542 2519 1662 2598 Ennap.

335 2645 365 2703 p.
382 2625 419 2685 57
443 2623 556 2682 Boias:
583 2619 619 2677 ‘0
647 2610 676 2676 δὲ
699 2619 862 2696 (Iulianus)
889 2611 1025 2702 ἀρχιερέα
1050 2611 1211 2699 ἀποδείξας
1236 2610 1283 2675 ro'v
1304 2641 1335 2676 rs
1357 2607 1446 2703 ἄνδρα
1467 2609 1515 2677 καὶ
1537 2610 1584 2688 τὴν
1606 2641 1663 2694 γυ-

331 2725 418 2784 ’ναῒκα
440 2715 615 2788 virtudiso
637 2719 750 2797 (Lydia
771 2739 790 2779 a
811 2720 1002 2780 Diocletiano
1024 2721 1178 2797 provincia
1198 2720 1277 2780 lacta
1297 2719 1391 2796 erat),
1411 2709 1459 2778 nui
1482 2714 1528 2776 ὑπ’
1551 2711 1663 2781 ἐκείνων

335 2817 493 2911 ἐπντρ1ψας
513 2815 582 2882 εἶναι
604 2825 658 2881 roiv
678 2809 773 2880 ἄλλων
795 2816 844 2892 τὴν
865 2811 981 2906 αἵρεσιν,
1003 2811 1662 2901 αὖτός1111τδνΠερσνκόνσυνῆγετοπὲλεμον.

335 2928 377 2988 Et
404 2928 475 2986 alio.
492 2926 559 2986 loeo
587 2944 617 3003 p.
635 2925 707 2984 lll:
735 2917 749 2980 1
776 2911 807 2980 δὲ
829 2911 1014 3005 Χρυταῖνθνος
1040 2916 1089 2994 τὴν
1117 2911 1329 3006 ἀρχιερωσύνην
1355 2923 1407 2980 τοῦ
1430 2915 1536 2984 umoris
1556 2912 1662 2983 ἔθνους

334 3021 438 3094 λαβών
460 3061 498 3072 -
521 3024 552 3085 nn’
574 3017 670 3108 βαρῦς
690 3013 723 3095 ἦν
743 3017 819 3082 κατὰ
841 3018 891 3093 τὴν
911 3016 1046 3104 ἕξουτῖαν
1067 3055 1105 3069 -
1123 3057 1161 3070 -
1181 3013 1244 3081 orire
1259 3025 1354 3080 λυπῶν
1366 3045 1445 3084 ,τινας
1459 3024 1515 3082 τνῖν
1529 3027 1661 3107 Χριστια-

336 3133 388 3188 univ
409 3131 551 3212 περιττῶς.

420 3231 468 3289 Ab
490 3229 548 3286 hoc
569 3228 660 3306 igitar
682 3245 797 3286 summo
819 3226 990 3303 provinciae
1011 3227 1103 3285 totius
1126 3225 1281 3286 sacerdote
1295 3226 1385 3302 plane
1401 3225 1551 3285 diversum
1567 3225 1660 3284 luisse

336 3331 523 3402 Asiarcbam,
545 3327 790 3405 Bithyniamham
811 3326 1001 3402 reliquosque
1023 3326 1158 3386 eiusdem
1181 3327 1300 3403 generis
1322 3327 1426 3386 statuit
1447 3325 1659 3403 Waddington.

337 3431 469 3492 Difficile
490 3439 550 3501 est,
580 3437 682 3488 mutae
704 3428 890 3486 auctoritatis
912 3428 976 3484 viro
998 3427 1135 3502 obloqui,
1157 3427 1211 3486 sed
1232 3445 1270 3486 ue
1291 3443 1338 3486 me
1360 3425 1480 3502 quidem
1502 3434 1554 3486 ant
1574 3426 1660 3486 Knb-

334 3536 416 3594 nium
437 3545 548 3592 temere
568 3530 605 3588 de
627 3549 663 3588 ea
683 3547 716 3587 re
737 3528 918 3588 iudicavisse
939 3527 1098 3605 apparebit
1113 3545 1153 3586 ex
1168 3528 1206 3586 iis
1221 3527 1416 3604 argumentis,
1437 3545 1515 3604 quae
1529 3527 1658 3606 plenius,

335 3654 423 3713 quam
445 3635 601 3707 hucusque
621 3629 733 3688 iactum
754 3639 809 3701 est,
831 3628 961 3688 afferam.
1006 3627 1084 3690 Snnt
1105 3637 1203 3688 autem
1224 3628 1312 3688 haec:

419 3737 446 3792 1.
482 3731 575 3792 Asiae
595 3730 767 3807 provinciae
788 3731 987 3791 sacerdotium
1008 3750 1069 3790 non
1090 3729 1241 3789 diversum
1262 3729 1357 3788 tuisse
1377 3738 1575 3790 securarum
1590 3749 1658 3808 pro·

334 3835 496 3896 vinciarnm
512 3832 688 3893 sacerdotiis
700 3831 860 3909 Papiniani
875 3833 958 3892 locus
972 3833 1059 3891 docet
1071 3831 1143 3908 Dig.
1156 3831 1206 3901 50,
1217 3832 1247 3902 5,
1259 3829 1277 3890 8
1292 3850 1337 3908 pr.
1367 3830 1404 3889 Iu
1419 3830 1495 3890 Asia
1504 3834 1659 3908 prouincia

334 3939 522 3999 snowdotium
542 3939 685 4011 succipere
705 3952 763 3992 nou
784 3943 921 4009 coquntur
940 3951 1056 3991 numero
1078 3932 1230 3991 liberorum
1244 3934 1368 4009 quinque
1382 3931 1506 4004 subrini,
1528 3932 1605 4008 quod
1618 3963 1657 3975 -

334 4039 456 4100 Senem
477 4035 624 4113 Anqustus
650 4035 773 4094 decreuit
798 4051 834 4092 oc
851 4044 953 4109 posteo
974 4035 1005 4092 in
1025 4035 1123 4092 crisma
1140 4035 1303 4110 prouinciis
1323 4033 1493 4092 armandam
1513 4051 1573 4092 asse
1593 4051 1660 4091 coo·

334 4144 433 4199 stituit
489 4137 581 4213 Atqui
611 4136 642 4195 in
670 4133 777 4195 ceteris
805 4133 969 4210 provinciis
995 4151 1073 4194 nnus
1101 4135 1195 4194 totius
1225 4133 1394 4212 provinciae
1423 4132 1564 4193 saoerdos
1592 4133 1658 4192 init.

333 4239 448 4302 Contra
473 4241 504 4298 in
526 4237 604 4296 Asia
629 4235 761 4296 secundo
788 4235 910 4295 saeculo
936 4232 952 4302 si
978 4223 1112 4317 ἱερωσύνη
1137 4228 1212 4304 κοινὴ
1239 4235 1289 4302 rie
1308 4229 1412 4294 ’Arius
1436 4233 1660 4313 intelligebatur

333 4331 487 4424 ἅρχιερίως
513 4337 713 4398 sacerdotium
735 4335 778 4411 (v.
801 4335 946 4396 Aristidis
967 4335 987 4393 l.
1009 4335 1045 4412 l.)
1070 4336 1201 4412 itemque
1227 4341 1333 4411 quarto
1362 4335 1485 4395 saeculo
1507 4333 1660 4412 Chrysan-

333 4441 414 4500 thius
435 4432 587 4520 ἅρχνιρεῦσ
605 4437 732 4496 traditur
744 4431 792 4506 τὴν
806 4426 1019 4520 ἀρχιερωσύνην
1033 4435 1085 4494 τοῦ
1098 4429 1204 4496 ramis
1216 4425 1323 4498 ἔθνους
1337 4417 1506 4514 suscepisse
1527 4435 1658 4512 (Eunap.
1681 4491 1692 4510 ,

333 4539 363 4598 ll.
379 4539 437 4614 ll),
459 4537 547 4595 tertio
566 4555 637 4596 vero
660 4537 781 4597 saeculo
796 4538 983 4598 Modestinus
1005 4538 1126 4616 scripsit
1139 4535 1212 4615 Dig.
1228 4534 1277 4610 27,
1296 4539 1323 4614 1,
1339 4535 1357 4596 6
1373 4536 1390 4614 ξ
1405 4537 1444 4596 14
1464 4524 1569 4597 ι”θνονν
1583 4536 1660 4619 ἱερω-

334 4631 404 4708 σύνη
432 4637 492 4716 (sic
517 4646 597 4696 recte
618 4637 805 4713 Politianua,
834 4631 985 4723 ,ἱεραρχῖα
1011 4645 1090 4698 certe
1117 4655 1177 4698 non
1203 4638 1313 4716 legitur
1332 4638 1365 4697 in
1387 4636 1576 4708 Florentino,
1603 4637 1661 4696 hoc

331 4741 399 4801 loeo
421 4737 568 4800 evanido“
589 4737 770 4815 Mommsen)
792 4729 847 4796 οἷον
867 4732 1040 4824 Ἀσναρχ1α,
1060 4730 1274 4820 Βιθυνναρχῖα,
1295 4729 1566 4822 Καππαδοκαρχῖα,
1586 4759 1661 4822 παρ·

332 4833 399 4919 ἔχει
425 4831 660 4924 ἆλιντονργησῖαν
684 4834 740 4896 rinc*
767 4839 937 4923 ἐπιτροπνῖν,
963 4835 1038 4898 τοῦτ’
1060 4831 1136 4897 ἔστιν
1157 4829 1208 4900 ἕως
1229 4835 1264 4897 ἄν
1284 4825 1381 4922 ἄρχῃ,
1406 4856 1484 4916 quae
1509 4839 1660 4898 dissensio

333 4935 392 5002 non
419 4942 508 5002 video
532 4939 683 5018 quomodo
711 4941 852 5019 componi
879 4941 992 5018 possit,
1019 4940 1080 5000 uisi
1102 4932 1265 5023 Ἀσνάρχην
1292 4940 1420 5000 eundem
1446 4941 1542 5001 fuisse
1569 4948 1660 5016 atque

333 5035 471 5128 ἀρχιερέα
492 5049 617 5104 statuas.
652 5041 765 5103 Verum
786 5051 842 5116 est,
864 5042 1030 5102 Asiarchae
1052 5058 1148 5119 usqne
1169 5041 1288 5102 adeam
1302 5049 1431 5102 atatem
1445 5041 1659 5118 permansisse,

333 5137 410 5223 qna,
438 5139 552 5205 Christi
580 5141 663 5204 cultu
688 5143 874 5215 introducto,
902 5159 1001 5221 nequo
1028 5141 1192 5222 gentilibus
1217 5143 1277 5204 diis
1304 5159 1412 5219 neque·
1429 5142 1660 5221 imperatoribus
