<?xml version="1.0" encoding="UTF-8"?>
<!DOCTYPE html PUBLIC "-//W3C//DTD XHTML 1.0 Transitional//EN"
    "http://www.w3.org/TR/xhtml1/DTD/xhtml1-transitional.dtd">
<html xmlns="http://www.w3.org/1999/xhtml" xml:lang="en" lang="en">
 <head>
  <title>
</title>
<meta http-equiv="Content-Type" content="text/html;charset=utf-8" />
  <meta name='ocr-system' content='tesseract 3.04.00' />
  <meta name='ocr-capabilities' content='ocr_page ocr_carea ocr_par ocr_line ocrx_word'/>
</head>
<body>
  <div class='ocr_page' id='page_1' title='image "./ephemerisepigra01henzgoog_0164.png"; bbox 0 0 3858 5960; ppageno 0'>
   <div class='ocr_carea' id='block_1_1' title="bbox 558 643 1518 715">
    <p class='ocr_par' dir='ltr' id='par_1_1' title="bbox 558 643 1518 715">
     <span class='ocr_line' id='line_1_1' title="bbox 558 643 1518 715; baseline 0.009 -9"><span class='ocrx_word' id='word_1_1' title='bbox 558 652 856 708; x_wconf 76' lang='lat' dir='ltr'><strong>onsnnvsmonns</strong></span> <span class='ocrx_word' id='word_1_2' title='bbox 872 653 1164 709; x_wconf 84' lang='lat' dir='ltr'><strong>nrrcn.v11.v111.</strong></span> <span class='ocrx_word' id='word_1_3' title='bbox 1449 643 1518 715; x_wconf 85' lang='lat'><strong>143</strong></span> 
     </span>
    </p>
   </div>
   <div class='ocr_carea' id='block_1_2' title="bbox 190 823 1522 2220">
    <p class='ocr_par' dir='ltr' id='par_1_2' title="bbox 192 823 1521 1004">
     <span class='ocr_line' id='line_1_2' title="bbox 193 823 1521 908; baseline 0.005 -21"><span class='ocrx_word' id='word_1_4' title='bbox 193 829 236 904; x_wconf 88' lang='lat' dir='ltr'><strong>(a.</strong></span> <span class='ocrx_word' id='word_1_5' title='bbox 250 825 431 904; x_wconf 88' lang='grc'><strong>218-222)</strong></span> <span class='ocrx_word' id='word_1_6' title='bbox 453 833 505 886; x_wconf 86' lang='lat' dir='ltr'><strong>aut</strong></span> <span class='ocrx_word' id='word_1_7' title='bbox 527 828 583 887; x_wconf 92' lang='lat' dir='ltr'><strong>sub</strong></span> <span class='ocrx_word' id='word_1_8' title='bbox 598 825 773 886; x_wconf 84' lang='lat' dir='ltr'><strong>Alexandro</strong></span> <span class='ocrx_word' id='word_1_9' title='bbox 796 825 838 902; x_wconf 89' lang='lat' dir='ltr'><strong>(a.</strong></span> <span class='ocrx_word' id='word_1_10' title='bbox 855 823 1035 902; x_wconf 81' lang='grc'><strong>222-235)</strong></span> <span class='ocrx_word' id='word_1_11' title='bbox 1056 827 1231 888; x_wconf 79' lang='lat' dir='ltr'><strong>Britanniae</strong></span> <span class='ocrx_word' id='word_1_12' title='bbox 1251 829 1427 908; x_wconf 70' lang='lat' dir='ltr'><strong>praefueritc</strong></span> <span class='ocrx_word' id='word_1_13' title='bbox 1449 835 1521 894; x_wconf 87' lang='lat' dir='ltr'><strong>mibi</strong></span> 
     </span>
     <span class='ocr_line' id='line_1_3' title="bbox 192 928 883 1004; baseline -0.006 -16"><span class='ocrx_word' id='word_1_14' title='bbox 192 939 293 988; x_wconf 90' lang='lat' dir='ltr'><strong>tamen</strong></span> <span class='ocrx_word' id='word_1_15' title='bbox 314 929 390 988; x_wconf 85' lang='lat' dir='ltr'><strong>baec</strong></span> <span class='ocrx_word' id='word_1_16' title='bbox 409 929 585 986; x_wconf 87' lang='lat' dir='ltr'><strong>coniectura</strong></span> <span class='ocrx_word' id='word_1_17' title='bbox 604 944 708 1003; x_wconf 86' lang='lat' dir='ltr'><strong>parum</strong></span> <span class='ocrx_word' id='word_1_18' title='bbox 730 928 883 1004; x_wconf 87' lang='lat' dir='ltr'><strong>probatur.</strong></span> 
     </span>
    </p>

    <p class='ocr_par' dir='ltr' id='par_1_3' title="bbox 190 1025 1522 2220">
     <span class='ocr_line' id='line_1_4' title="bbox 276 1025 1520 1113; baseline 0.008 -25"><span class='ocrx_word' id='word_1_19' title='bbox 276 1030 366 1088; x_wconf 85' lang='lat' dir='ltr'><strong>Addo</strong></span> <span class='ocrx_word' id='word_1_20' title='bbox 392 1029 478 1089; x_wconf 94' lang='lat' dir='ltr'><strong>locos</strong></span> <span class='ocrx_word' id='word_1_21' title='bbox 504 1027 649 1104; x_wconf 90' lang='lat' dir='ltr'><strong>quosdam</strong></span> <span class='ocrx_word' id='word_1_22' title='bbox 679 1035 850 1099; x_wconf 89' lang='lat' dir='ltr'><strong>auctorum,</strong></span> <span class='ocrx_word' id='word_1_23' title='bbox 881 1028 933 1103; x_wconf 91' lang='lat' dir='ltr'><strong>qui</strong></span> <span class='ocrx_word' id='word_1_24' title='bbox 965 1027 1002 1086; x_wconf 86' lang='lat' dir='ltr'><strong>ad</strong></span> <span class='ocrx_word' id='word_1_25' title='bbox 1032 1029 1110 1087; x_wconf 90' lang='lat' dir='ltr'><strong>huuc</strong></span> <span class='ocrx_word' id='word_1_26' title='bbox 1138 1025 1281 1090; x_wconf 88' lang='lat' dir='ltr'><strong>Sabinum</strong></span> <span class='ocrx_word' id='word_1_27' title='bbox 1316 1034 1419 1094; x_wconf 88' lang='lat' dir='ltr'><strong>relerri</strong></span> <span class='ocrx_word' id='word_1_28' title='bbox 1453 1055 1520 1113; x_wconf 88' lang='lat' dir='ltr'><strong>pos·</strong></span> 
     </span>
     <span class='ocr_line' id='line_1_5' title="bbox 193 1128 1521 1205; baseline 0.008 -17"><span class='ocrx_word' id='word_1_29' title='bbox 193 1131 263 1189; x_wconf 83' lang='lat' dir='ltr'><strong>sint.</strong></span> <span class='ocrx_word' id='word_1_30' title='bbox 312 1128 427 1189; x_wconf 78' lang='lat' dir='ltr'><strong>Narrat</strong></span> <span class='ocrx_word' id='word_1_31' title='bbox 451 1130 504 1205; x_wconf 87' lang='lat' dir='ltr'><strong>qui</strong></span> <span class='ocrx_word' id='word_1_32' title='bbox 531 1129 621 1187; x_wconf 86' lang='lat' dir='ltr'><strong>vitam</strong></span> <span class='ocrx_word' id='word_1_33' title='bbox 649 1128 806 1205; x_wconf 81' lang='lat' dir='ltr'><strong>Elagabali</strong></span> <span class='ocrx_word' id='word_1_34' title='bbox 836 1128 955 1204; x_wconf 78' lang='lat' dir='ltr'><strong>scripsit</strong></span> <span class='ocrx_word' id='word_1_35' title='bbox 981 1147 1006 1187; x_wconf 92' lang='lat' dir='ltr'><strong>c.</strong></span> <span class='ocrx_word' id='word_1_36' title='bbox 1025 1129 1062 1188; x_wconf 89' lang='grc'><strong>16</strong></span> <span class='ocrx_word' id='word_1_37' title='bbox 1090 1131 1149 1188; x_wconf 84' lang='lat' dir='ltr'><strong>sic:</strong></span> <span class='ocrx_word' id='word_1_38' title='bbox 1178 1130 1317 1192; x_wconf 83' lang='lat' dir='ltr'><strong>Sabinum</strong></span> <span class='ocrx_word' id='word_1_39' title='bbox 1345 1139 1521 1198; x_wconf 71' lang='lat' dir='ltr'><strong>consularem</strong></span> 
     </span>
     <span class='ocr_line' id='line_1_6' title="bbox 192 1229 1520 1316; baseline 0.008 -27"><span class='ocrx_word' id='word_1_40' title='bbox 192 1235 299 1300; x_wconf 71' lang='lat' dir='ltr'><strong>mmm,</strong></span> <span class='ocrx_word' id='word_1_41' title='bbox 325 1232 368 1290; x_wconf 89' lang='lat' dir='ltr'><strong>ud</strong></span> <span class='ocrx_word' id='word_1_42' title='bbox 392 1249 474 1306; x_wconf 81' lang='lat' dir='ltr'><strong>quem</strong></span> <span class='ocrx_word' id='word_1_43' title='bbox 499 1229 586 1289; x_wconf 82' lang='lat' dir='ltr'><strong>libror</strong></span> <span class='ocrx_word' id='word_1_44' title='bbox 613 1229 756 1306; x_wconf 77' lang='lat' dir='ltr'><strong>Ulpianus</strong></span> <span class='ocrx_word' id='word_1_45' title='bbox 782 1229 952 1305; x_wconf 61' lang='lat' dir='ltr'><strong>scripum),</strong></span> <span class='ocrx_word' id='word_1_46' title='bbox 980 1231 1059 1305; x_wconf 83' lang='lat' dir='ltr'><strong>quod</strong></span> <span class='ocrx_word' id='word_1_47' title='bbox 1083 1233 1114 1288; x_wconf 81' lang='lat' dir='ltr'><strong>ln</strong></span> <span class='ocrx_word' id='word_1_48' title='bbox 1140 1232 1208 1290; x_wconf 81' lang='lat' dir='ltr'><strong>arde</strong></span> <span class='ocrx_word' id='word_1_49' title='bbox 1232 1239 1412 1297; x_wconf 71' lang='lat' dir='ltr'><strong>remansisset</strong></span> <span class='ocrx_word' id='word_1_50' title='bbox 1437 1239 1520 1316; x_wconf 87' lang='lat' dir='ltr'><strong>(nam</strong></span> 
     </span>
     <span class='ocr_line' id='line_1_7' title="bbox 192 1327 1521 1409; baseline 0.008 -19"><span class='ocrx_word' id='word_1_51' title='bbox 192 1331 325 1390; x_wconf 85' lang='lat' dir='ltr'><strong>iusserat</strong></span> <span class='ocrx_word' id='word_1_52' title='bbox 344 1331 508 1409; x_wconf 84' lang='lat' dir='ltr'><strong>Imperator</strong></span> <span class='ocrx_word' id='word_1_53' title='bbox 529 1339 665 1390; x_wconf 87' lang='lat' dir='ltr'><strong>senatum</strong></span> <span class='ocrx_word' id='word_1_54' title='bbox 688 1331 762 1394; x_wconf 89' lang='lat' dir='ltr'><strong>urbe</strong></span> <span class='ocrx_word' id='word_1_55' title='bbox 781 1327 937 1404; x_wconf 87' lang='lat' dir='ltr'><strong>decedere)</strong></span> <span class='ocrx_word' id='word_1_56' title='bbox 962 1339 1060 1389; x_wconf 82' lang='lat' dir='ltr'><strong>vocato</strong></span> <span class='ocrx_word' id='word_1_57' title='bbox 1082 1335 1241 1392; x_wconf 74' lang='lat' dir='ltr'><strong>emtus-ione</strong></span> <span class='ocrx_word' id='word_1_58' title='bbox 1260 1337 1439 1398; x_wconf 81' lang='lat' dir='ltr'><strong>mollioribus</strong></span> <span class='ocrx_word' id='word_1_59' title='bbox 1460 1359 1521 1400; x_wconf 85' lang='lat' dir='ltr'><strong>ver·</strong></span> 
     </span>
     <span class='ocr_line' id='line_1_8' title="bbox 194 1432 1522 1508; baseline 0.007 -17"><span class='ocrx_word' id='word_1_60' title='bbox 194 1433 238 1491; x_wconf 81' lang='lat' dir='ltr'><strong>ln&#39;s</strong></span> <span class='ocrx_word' id='word_1_61' title='bbox 264 1434 349 1490; x_wconf 80' lang='lat' dir='ltr'><strong>iussit</strong></span> <span class='ocrx_word' id='word_1_62' title='bbox 374 1433 482 1492; x_wconf 77' lang='lat' dir='ltr'><strong>occidi:</strong></span> <span class='ocrx_word' id='word_1_63' title='bbox 507 1433 559 1491; x_wconf 83' lang='lat' dir='ltr'><strong>sed</strong></span> <span class='ocrx_word' id='word_1_64' title='bbox 582 1434 709 1491; x_wconf 80' lang='lat' dir='ltr'><strong>ccnmrio</strong></span> <span class='ocrx_word' id='word_1_65' title='bbox 735 1432 961 1490; x_wconf 75' lang='lat' dir='ltr'><strong>uerecundiam·</strong></span> <span class='ocrx_word' id='word_1_66' title='bbox 986 1433 1125 1505; x_wconf 83' lang='lat' dir='ltr'><strong>imperari</strong></span> <span class='ocrx_word' id='word_1_67' title='bbox 1149 1433 1207 1491; x_wconf 83' lang='lat' dir='ltr'><strong>cibi</strong></span> <span class='ocrx_word' id='word_1_68' title='bbox 1232 1437 1368 1508; x_wconf 81' lang='lat' dir='ltr'><strong>credidit,</strong></span> <span class='ocrx_word' id='word_1_69' title='bbox 1396 1451 1429 1498; x_wconf 86' lang='lat' dir='ltr'><strong>nt</strong></span> <span class='ocrx_word' id='word_1_70' title='bbox 1452 1441 1522 1501; x_wconf 83' lang='lat' dir='ltr'><strong>urbe</strong></span> 
     </span>
     <span class='ocr_line' id='line_1_9' title="bbox 190 1531 1521 1614; baseline 0.008 -24"><span class='ocrx_word' id='word_1_71' title='bbox 190 1533 360 1609; x_wconf 71' lang='lat' dir='ltr'><strong>pelleretur:</strong></span> <span class='ocrx_word' id='word_1_72' title='bbox 387 1535 430 1591; x_wconf 83' lang='lat' dir='ltr'><strong>cic</strong></span> <span class='ocrx_word' id='word_1_73' title='bbox 453 1535 551 1591; x_wconf 85' lang='lat' dir='ltr'><strong>uitium</strong></span> <span class='ocrx_word' id='word_1_74' title='bbox 577 1535 749 1592; x_wconf 74' lang='lat' dir='ltr'><strong>centurionis</strong></span> <span class='ocrx_word' id='word_1_75' title='bbox 770 1531 879 1591; x_wconf 82' lang='lat' dir='ltr'><strong>Sabino</strong></span> <span class='ocrx_word' id='word_1_76' title='bbox 905 1532 996 1589; x_wconf 80' lang='lat' dir='ltr'><strong>saluti</strong></span> <span class='ocrx_word' id='word_1_77' title='bbox 1011 1532 1087 1606; x_wconf 84' lang='lat' dir='ltr'><strong>suit,</strong></span> <span class='ocrx_word' id='word_1_78' title='bbox 1114 1551 1210 1610; x_wconf 87' lang='lat' dir='ltr'><strong>neque</strong></span> <span class='ocrx_word' id='word_1_79' title='bbox 1231 1536 1390 1612; x_wconf 90' lang='lat' dir='ltr'><strong>quicquam</strong></span> <span class='ocrx_word' id='word_1_80' title='bbox 1411 1541 1521 1614; x_wconf 78' lang='lat' dir='ltr'><strong>obstat,</strong></span> 
     </span>
     <span class='ocr_line' id='line_1_10' title="bbox 193 1629 1521 1717; baseline 0.008 -26"><span class='ocrx_word' id='word_1_81' title='bbox 193 1632 354 1709; x_wconf 75' lang='lat' dir='ltr'><strong>quominus</strong></span> <span class='ocrx_word' id='word_1_82' title='bbox 382 1651 447 1692; x_wconf 87' lang='lat' dir='ltr'><strong>enm</strong></span> <span class='ocrx_word' id='word_1_83' title='bbox 476 1632 730 1692; x_wconf 75' lang='lat' dir='ltr'><strong>narratiunculam</strong></span> <span class='ocrx_word' id='word_1_84' title='bbox 758 1631 795 1690; x_wconf 89' lang='lat' dir='ltr'><strong>ad</strong></span> <span class='ocrx_word' id='word_1_85' title='bbox 824 1629 968 1692; x_wconf 85' lang='lat' dir='ltr'><strong>Sabinum</strong></span> <span class='ocrx_word' id='word_1_86' title='bbox 996 1639 1131 1692; x_wconf 89' lang='lat' dir='ltr'><strong>nostrum</strong></span> <span class='ocrx_word' id='word_1_87' title='bbox 1159 1633 1340 1708; x_wconf 80' lang='lat' dir='ltr'><strong>referamus3</strong></span> <span class='ocrx_word' id='word_1_88' title='bbox 1374 1641 1428 1698; x_wconf 91' lang='lat' dir='ltr'><strong>scd</strong></span> <span class='ocrx_word' id='word_1_89' title='bbox 1454 1643 1521 1717; x_wconf 86' lang='lat' dir='ltr'><strong>pari</strong></span> 
     </span>
     <span class='ocr_line' id='line_1_11' title="bbox 194 1729 1521 1815; baseline 0.007 -23"><span class='ocrx_word' id='word_1_90' title='bbox 194 1733 260 1792; x_wconf 90' lang='lat' dir='ltr'><strong>iure</strong></span> <span class='ocrx_word' id='word_1_91' title='bbox 287 1734 434 1809; x_wconf 85' lang='lat' dir='ltr'><strong>pertinere</strong></span> <span class='ocrx_word' id='word_1_92' title='bbox 459 1743 559 1810; x_wconf 89' lang='lat' dir='ltr'><strong>potest</strong></span> <span class='ocrx_word' id='word_1_93' title='bbox 585 1734 624 1792; x_wconf 91' lang='lat' dir='ltr'><strong>ad</strong></span> <span class='ocrx_word' id='word_1_94' title='bbox 650 1733 687 1792; x_wconf 91' lang='lat' dir='ltr'><strong>P.</strong></span> <span class='ocrx_word' id='word_1_95' title='bbox 715 1730 836 1792; x_wconf 82' lang='lat' dir='ltr'><strong>Catium</strong></span> <span class='ocrx_word' id='word_1_96' title='bbox 865 1729 1009 1792; x_wconf 85' lang='lat' dir='ltr'><strong>Sabinum</strong></span> <span class='ocrx_word' id='word_1_97' title='bbox 1039 1733 1190 1792; x_wconf 89' lang='lat' dir='ltr'><strong>consulem</strong></span> <span class='ocrx_word' id='word_1_98' title='bbox 1218 1753 1245 1794; x_wconf 87' lang='lat' dir='ltr'><strong>a.</strong></span> <span class='ocrx_word' id='word_1_99' title='bbox 1267 1735 1336 1798; x_wconf 93' lang='grc'><strong>216.</strong></span> <span class='ocrx_word' id='word_1_100' title='bbox 1360 1773 1398 1783; x_wconf 99' lang='grc'>-</span> <span class='ocrx_word' id='word_1_101' title='bbox 1432 1739 1521 1815; x_wconf 84' lang='lat' dir='ltr'><strong>Quod</strong></span> 
     </span>
     <span class='ocr_line' id='line_1_12' title="bbox 194 1831 1521 1915; baseline 0.008 -23"><span class='ocrx_word' id='word_1_102' title='bbox 194 1831 257 1892; x_wconf 86' lang='lat' dir='ltr'><strong>Dio</strong></span> <span class='ocrx_word' id='word_1_103' title='bbox 282 1835 386 1894; x_wconf 75' lang='lat' dir='ltr'><strong>scribit</strong></span> <span class='ocrx_word' id='word_1_104' title='bbox 409 1833 500 1906; x_wconf 78' lang='lat'><strong>76,9</strong></span> <span class='ocrx_word' id='word_1_105' title='bbox 524 1833 694 1894; x_wconf 89' lang='lat' dir='ltr'><strong>Pollenium</strong></span> <span class='ocrx_word' id='word_1_106' title='bbox 721 1831 892 1894; x_wconf 89' lang='lat' dir='ltr'><strong>Sebennum</strong></span> <span class='ocrx_word' id='word_1_107' title='bbox 918 1833 1081 1892; x_wconf 81' lang='lat' dir='ltr'><strong>delatorem</strong></span> <span class='ocrx_word' id='word_1_108' title='bbox 1107 1835 1163 1893; x_wconf 90' lang='lat' dir='ltr'><strong>sub</strong></span> <span class='ocrx_word' id='word_1_109' title='bbox 1189 1833 1302 1896; x_wconf 83' lang='lat' dir='ltr'><strong>Severo</strong></span> <span class='ocrx_word' id='word_1_110' title='bbox 1328 1849 1434 1915; x_wconf 86' lang='lat' dir='ltr'><strong>postea</strong></span> <span class='ocrx_word' id='word_1_111' title='bbox 1458 1843 1521 1903; x_wconf 90' lang='lat' dir='ltr'><strong>No-</strong></span> 
     </span>
     <span class='ocr_line' id='line_1_13' title="bbox 193 1928 1521 2012; baseline 0.008 -20"><span class='ocrx_word' id='word_1_112' title='bbox 193 1933 276 2008; x_wconf 89' lang='lat' dir='ltr'><strong>ricis,</strong></span> <span class='ocrx_word' id='word_1_113' title='bbox 297 1953 373 2012; x_wconf 89' lang='lat' dir='ltr'><strong>quos</strong></span> <span class='ocrx_word' id='word_1_114' title='bbox 395 1935 472 1994; x_wconf 87' lang='lat' dir='ltr'><strong>male</strong></span> <span class='ocrx_word' id='word_1_115' title='bbox 492 1928 773 2008; x_wconf 81' lang='lat' dir='ltr'><strong>administravisset,</strong></span> <span class='ocrx_word' id='word_1_116' title='bbox 795 1935 833 1994; x_wconf 90' lang='lat' dir='ltr'><strong>ad</strong></span> <span class='ocrx_word' id='word_1_117' title='bbox 853 1952 980 2012; x_wconf 87' lang='lat' dir='ltr'><strong>poenam</strong></span> <span class='ocrx_word' id='word_1_118' title='bbox 1002 1934 1177 1994; x_wconf 89' lang='lat' dir='ltr'><strong>sumendam</strong></span> <span class='ocrx_word' id='word_1_119' title='bbox 1197 1935 1328 1997; x_wconf 87' lang='lat' dir='ltr'><strong>deditum</strong></span> <span class='ocrx_word' id='word_1_120' title='bbox 1350 1958 1417 1999; x_wconf 88' lang='lat' dir='ltr'><strong>esse</strong></span> <span class='ocrx_word' id='word_1_121' title='bbox 1432 1961 1451 2000; x_wconf 88' lang='lat' dir='ltr'><strong>a</strong></span> <span class='ocrx_word' id='word_1_122' title='bbox 1466 1942 1521 2004; x_wconf 85' lang='lat' dir='ltr'><strong>Sa·</strong></span> 
     </span>
     <span class='ocr_line' id='line_1_14' title="bbox 194 2023 1521 2121; baseline 0.007 -28"><span class='ocrx_word' id='word_1_123' title='bbox 194 2035 266 2094; x_wconf 83' lang='lat' dir='ltr'><strong>bIno</strong></span> <span class='ocrx_word' id='word_1_124' title='bbox 291 2025 435 2112; x_wconf 61' lang='grc' dir='ltr'>(ἐκδοθεὶς</span> <span class='ocrx_word' id='word_1_125' title='bbox 456 2029 510 2093; x_wconf 78' lang='lat' dir='ltr'><strong>cini</strong></span> <span class='ocrx_word' id='word_1_126' title='bbox 533 2027 663 2098; x_wconf 67' lang='grc' dir='ltr'><strong><em>Σαβίνου</em></strong></span> <span class='ocrx_word' id='word_1_127' title='bbox 685 2037 743 2092; x_wconf 83' lang='lat' dir='ltr'><strong>rci&#39;c</strong></span> <span class='ocrx_word' id='word_1_128' title='bbox 763 2036 906 2117; x_wconf 50' lang='lat' dir='ltr'><strong>Naaman,</strong></span> <span class='ocrx_word' id='word_1_129' title='bbox 933 2023 970 2092; x_wconf 70' lang='lat' dir='ltr'><strong>oin</strong></span> <span class='ocrx_word' id='word_1_130' title='bbox 991 2025 1084 2117; x_wconf 68' lang='grc' dir='ltr'><em>ἄρξας</em></span> <span class='ocrx_word' id='word_1_131' title='bbox 1106 2025 1186 2092; x_wconf 78' lang='lat' dir='ltr'><strong>ct’div</strong></span> <span class='ocrx_word' id='word_1_132' title='bbox 1207 2033 1334 2121; x_wconf 55' lang='lat' dir='ltr'><strong>merda</strong></span> <span class='ocrx_word' id='word_1_133' title='bbox 1356 2034 1521 2114; x_wconf 67' lang='grc' dir='ltr'><strong><em>ἐπεποιῆκη,</em></strong></span> 
     </span>
     <span class='ocr_line' id='line_1_15' title="bbox 195 2125 1521 2220; baseline 0.009 -28"><span class='ocrx_word' id='word_1_134' title='bbox 195 2127 341 2212; x_wconf 74' lang='grc' dir='ltr'><strong>αἴτχιπα</strong></span> <span class='ocrx_word' id='word_1_135' title='bbox 359 2125 514 2212; x_wconf 70' lang='grc' dir='ltr'><strong>πέπονθε),</strong></span> <span class='ocrx_word' id='word_1_136' title='bbox 535 2155 633 2214; x_wconf 90' lang='lat' dir='ltr'><strong>neque</strong></span> <span class='ocrx_word' id='word_1_137' title='bbox 648 2137 723 2196; x_wconf 90' lang='lat' dir='ltr'><strong>satis</strong></span> <span class='ocrx_word' id='word_1_138' title='bbox 738 2134 880 2214; x_wconf 78' lang='lat' dir='ltr'><strong>intellego</strong></span> <span class='ocrx_word' id='word_1_139' title='bbox 894 2154 950 2196; x_wconf 90' lang='lat' dir='ltr'><strong>nec</strong></span> <span class='ocrx_word' id='word_1_140' title='bbox 963 2137 1060 2214; x_wconf 81' lang='lat' dir='ltr'><strong>magis</strong></span> <span class='ocrx_word' id='word_1_141' title='bbox 1074 2137 1111 2195; x_wconf 90' lang='lat' dir='ltr'><strong>ad</strong></span> <span class='ocrx_word' id='word_1_142' title='bbox 1126 2153 1284 2212; x_wconf 85' lang='lat' dir='ltr'><strong>quemnam</strong></span> <span class='ocrx_word' id='word_1_143' title='bbox 1298 2137 1439 2202; x_wconf 82' lang='lat' dir='ltr'><strong>Sannum</strong></span> <span class='ocrx_word' id='word_1_144' title='bbox 1456 2163 1521 2220; x_wconf 88' lang='lat' dir='ltr'><strong>per·</strong></span> 
     </span>
    </p>
   </div>
   <div class='ocr_carea' id='block_1_3' title="bbox 194 2233 1624 2318">
    <p class='ocr_par' dir='ltr' id='par_1_4' title="bbox 194 2233 1624 2318">
     <span class='ocr_line' id='line_1_16' title="bbox 194 2233 1624 2318; baseline 0.01 -24"><span class='ocrx_word' id='word_1_145' title='bbox 194 2237 289 2295; x_wconf 82' lang='lat' dir='ltr'><strong>tiueat</strong></span> <span class='ocrx_word' id='word_1_146' title='bbox 308 2237 465 2313; x_wconf 86' lang='lat' dir='ltr'><strong>perspicio.</strong></span> <span class='ocrx_word' id='word_1_147' title='bbox 482 2269 521 2281; x_wconf 95' lang='lat'>-</span> <span class='ocrx_word' id='word_1_148' title='bbox 542 2235 682 2313; x_wconf 84' lang='lat' dir='ltr'><strong>Deanue</strong></span> <span class='ocrx_word' id='word_1_149' title='bbox 696 2233 826 2296; x_wconf 90' lang='lat' dir='ltr'><strong>Sabinus</strong></span> <span class='ocrx_word' id='word_1_150' title='bbox 848 2236 876 2296; x_wconf 82' lang='lat' dir='ltr'><strong>Is</strong></span> <span class='ocrx_word' id='word_1_151' title='bbox 897 2237 950 2312; x_wconf 91' lang='lat' dir='ltr'><strong>qui</strong></span> <span class='ocrx_word' id='word_1_152' title='bbox 971 2237 1186 2314; x_wconf 78' lang='lat' dir='ltr'><strong>praefecturam</strong></span> <span class='ocrx_word' id='word_1_153' title='bbox 1207 2241 1291 2299; x_wconf 92' lang='lat' dir='ltr'><strong>urbis</strong></span> <span class='ocrx_word' id='word_1_154' title='bbox 1313 2251 1522 2318; x_wconf 85' lang='lat' dir='ltr'><strong>postmunern</strong></span> <span class='ocrx_word' id='word_1_155' title='bbox 1622 2307 1624 2310; x_wconf 84' lang='grc'><strong>,</strong></span> 
     </span>
    </p>
   </div>
   <div class='ocr_carea' id='block_1_4' title="bbox 194 2335 1522 2622">
    <p class='ocr_par' dir='ltr' id='par_1_5' title="bbox 194 2335 1522 2622">
     <span class='ocr_line' id='line_1_17' title="bbox 194 2335 1521 2421; baseline 0.008 -25"><span class='ocrx_word' id='word_1_156' title='bbox 194 2337 349 2414; x_wconf 89' lang='lat' dir='ltr'><strong>complura</strong></span> <span class='ocrx_word' id='word_1_157' title='bbox 362 2335 532 2396; x_wconf 81' lang='lat' dir='ltr'><strong>consularia</strong></span> <span class='ocrx_word' id='word_1_158' title='bbox 552 2337 764 2397; x_wconf 86' lang='lat' dir='ltr'><strong>administrans</strong></span> <span class='ocrx_word' id='word_1_159' title='bbox 786 2355 813 2396; x_wconf 88' lang='lat' dir='ltr'><strong>a.</strong></span> <span class='ocrx_word' id='word_1_160' title='bbox 827 2335 887 2398; x_wconf 83' lang='grc'><strong>237</strong></span> <span class='ocrx_word' id='word_1_161' title='bbox 908 2337 939 2396; x_wconf 89' lang='lat' dir='ltr'><strong>in</strong></span> <span class='ocrx_word' id='word_1_162' title='bbox 961 2338 1090 2398; x_wconf 90' lang='lat' dir='ltr'><strong>tumultu</strong></span> <span class='ocrx_word' id='word_1_163' title='bbox 1111 2340 1194 2398; x_wconf 85' lang='lat' dir='ltr'><strong>civili</strong></span> <span class='ocrx_word' id='word_1_164' title='bbox 1215 2341 1353 2419; x_wconf 66' lang='lat' dir='ltr'><strong>periitI),</strong></span> <span class='ocrx_word' id='word_1_165' title='bbox 1375 2348 1521 2421; x_wconf 88' lang='lat' dir='ltr'><strong>potestis</strong></span> 
     </span>
     <span class='ocr_line' id='line_1_18' title="bbox 194 2437 1522 2516; baseline 0.008 -21"><span class='ocrx_word' id='word_1_166' title='bbox 194 2438 260 2513; x_wconf 81' lang='lat' dir='ltr'><strong>ipse</strong></span> <span class='ocrx_word' id='word_1_167' title='bbox 280 2455 360 2509; x_wconf 90' lang='lat' dir='ltr'><strong>esse,</strong></span> <span class='ocrx_word' id='word_1_168' title='bbox 381 2437 500 2515; x_wconf 79' lang='lat' dir='ltr'><strong>dequo</strong></span> <span class='ocrx_word' id='word_1_169' title='bbox 521 2438 653 2516; x_wconf 76' lang='lat' dir='ltr'><strong>agimus3</strong></span> <span class='ocrx_word' id='word_1_170' title='bbox 675 2455 857 2516; x_wconf 90' lang='lat' dir='ltr'><strong>quamquam</strong></span> <span class='ocrx_word' id='word_1_171' title='bbox 878 2439 928 2498; x_wconf 92' lang='lat' dir='ltr'><strong>bic</strong></span> <span class='ocrx_word' id='word_1_172' title='bbox 948 2457 1067 2516; x_wconf 89' lang='lat' dir='ltr'><strong>quoque</strong></span> <span class='ocrx_word' id='word_1_173' title='bbox 1088 2440 1159 2499; x_wconf 87' lang='lat' dir='ltr'><strong>item</strong></span> <span class='ocrx_word' id='word_1_174' title='bbox 1181 2441 1218 2500; x_wconf 90' lang='lat' dir='ltr'><strong>de</strong></span> <span class='ocrx_word' id='word_1_175' title='bbox 1239 2443 1275 2501; x_wconf 89' lang='lat' dir='ltr'><strong>P.</strong></span> <span class='ocrx_word' id='word_1_176' title='bbox 1298 2441 1386 2503; x_wconf 77' lang='lat' dir='ltr'><strong>catio</strong></span> <span class='ocrx_word' id='word_1_177' title='bbox 1408 2443 1522 2506; x_wconf 87' lang='lat' dir='ltr'><strong>Sabino</strong></span> 
     </span>
     <span class='ocr_line' id='line_1_19' title="bbox 194 2535 1521 2622; baseline 0.008 -26"><span class='ocrx_word' id='word_1_178' title='bbox 194 2537 319 2615; x_wconf 82' lang='lat' dir='ltr'><strong>cogitari</strong></span> <span class='ocrx_word' id='word_1_179' title='bbox 339 2545 445 2614; x_wconf 88' lang='lat' dir='ltr'><strong>potest.</strong></span> <span class='ocrx_word' id='word_1_180' title='bbox 482 2535 563 2598; x_wconf 86' lang='lat' dir='ltr'><strong>Sane</strong></span> <span class='ocrx_word' id='word_1_181' title='bbox 577 2539 654 2597; x_wconf 90' lang='lat' dir='ltr'><strong>sicut</strong></span> <span class='ocrx_word' id='word_1_182' title='bbox 667 2539 755 2598; x_wconf 88' lang='lat' dir='ltr'><strong>nobIs</strong></span> <span class='ocrx_word' id='word_1_183' title='bbox 770 2539 922 2610; x_wconf 88' lang='lat' dir='ltr'><strong>successit,</strong></span> <span class='ocrx_word' id='word_1_184' title='bbox 945 2548 977 2597; x_wconf 92' lang='lat' dir='ltr'><strong>nt</strong></span> <span class='ocrx_word' id='word_1_185' title='bbox 991 2557 1049 2616; x_wconf 86' lang='lat' dir='ltr'><strong>ope</strong></span> <span class='ocrx_word' id='word_1_186' title='bbox 1063 2540 1216 2598; x_wconf 86' lang='lat' dir='ltr'><strong>titulorum</strong></span> <span class='ocrx_word' id='word_1_187' title='bbox 1230 2562 1324 2620; x_wconf 85' lang='lat' dir='ltr'><strong>nuper</strong></span> <span class='ocrx_word' id='word_1_188' title='bbox 1336 2555 1521 2622; x_wconf 88' lang='lat' dir='ltr'><strong>repertorum</strong></span> 
     </span>
    </p>
   </div>
   <div class='ocr_carea' id='block_1_5' title="bbox 195 2638 1615 2721">
    <p class='ocr_par' dir='ltr' id='par_1_6' title="bbox 195 2638 1615 2721">
     <span class='ocr_line' id='line_1_20' title="bbox 195 2638 1615 2721; baseline 0.007 -25"><span class='ocrx_word' id='word_1_189' title='bbox 195 2638 302 2697; x_wconf 90' lang='lat' dir='ltr'><strong>borum</strong></span> <span class='ocrx_word' id='word_1_190' title='bbox 323 2648 491 2715; x_wconf 85' lang='lat' dir='ltr'><strong>temporum</strong></span> <span class='ocrx_word' id='word_1_191' title='bbox 512 2639 669 2717; x_wconf 81' lang='lat' dir='ltr'><strong>caIIginem</strong></span> <span class='ocrx_word' id='word_1_192' title='bbox 691 2639 870 2716; x_wconf 87' lang='lat' dir='ltr'><strong>quibusdam</strong></span> <span class='ocrx_word' id='word_1_193' title='bbox 892 2639 1053 2698; x_wconf 91' lang='lat' dir='ltr'><strong>luminibus</strong></span> <span class='ocrx_word' id='word_1_194' title='bbox 1074 2639 1308 2716; x_wconf 85' lang='lat' dir='ltr'><strong>illustraremus,</strong></span> <span class='ocrx_word' id='word_1_195' title='bbox 1334 2644 1377 2702; x_wconf 88' lang='lat' dir='ltr'><strong>itu</strong></span> <span class='ocrx_word' id='word_1_196' title='bbox 1398 2663 1522 2721; x_wconf 88' lang='lat' dir='ltr'><strong>spernu·</strong></span> <span class='ocrx_word' id='word_1_197' title='bbox 1611 2685 1615 2694; x_wconf 87' lang='lat'>·</span> 
     </span>
    </p>
   </div>
   <div class='ocr_carea' id='block_1_6' title="bbox 195 2739 1522 2926">
    <p class='ocr_par' dir='ltr' id='par_1_7' title="bbox 195 2739 1522 2926">
     <span class='ocr_line' id='line_1_21' title="bbox 195 2739 1522 2820; baseline 0.006 -22"><span class='ocrx_word' id='word_1_198' title='bbox 195 2739 265 2798; x_wconf 90' lang='lat' dir='ltr'><strong>dum</strong></span> <span class='ocrx_word' id='word_1_199' title='bbox 286 2748 334 2798; x_wconf 90' lang='lat' dir='ltr'><strong>est</strong></span> <span class='ocrx_word' id='word_1_200' title='bbox 353 2741 428 2813; x_wconf 88' lang='lat' dir='ltr'><strong>lore,</strong></span> <span class='ocrx_word' id='word_1_201' title='bbox 449 2749 484 2800; x_wconf 92' lang='lat' dir='ltr'><strong>ut</strong></span> <span class='ocrx_word' id='word_1_202' title='bbox 503 2741 722 2816; x_wconf 86' lang='lat' dir='ltr'><strong>posterioribus</strong></span> <span class='ocrx_word' id='word_1_203' title='bbox 744 2757 874 2818; x_wconf 91' lang='lat' dir='ltr'><strong>quoque,</strong></span> <span class='ocrx_word' id='word_1_204' title='bbox 900 2741 987 2798; x_wconf 90' lang='lat' dir='ltr'><strong>modo</strong></span> <span class='ocrx_word' id='word_1_205' title='bbox 1008 2739 1117 2798; x_wconf 89' lang='lat' dir='ltr'><strong>curiosi</strong></span> <span class='ocrx_word' id='word_1_206' title='bbox 1139 2758 1208 2801; x_wconf 91' lang='lat' dir='ltr'><strong>essa</strong></span> <span class='ocrx_word' id='word_1_207' title='bbox 1228 2751 1363 2820; x_wconf 80' lang='lat' dir='ltr'><strong>pergant,</strong></span> <span class='ocrx_word' id='word_1_208' title='bbox 1385 2745 1522 2806; x_wconf 81' lang='lat' dir='ltr'><strong>sImiliter</strong></span> 
     </span>
     <span class='ocr_line' id='line_1_22' title="bbox 196 2840 1350 2926; baseline 0.002 -26"><span class='ocrx_word' id='word_1_209' title='bbox 196 2842 348 2918; x_wconf 71' lang='lat' dir='ltr'><strong>confingat</strong></span> <span class='ocrx_word' id='word_1_210' title='bbox 368 2841 407 2900; x_wconf 88' lang='lat' dir='ltr'><strong>ab</strong></span> <span class='ocrx_word' id='word_1_211' title='bbox 429 2841 477 2926; x_wconf 70' lang='lat' dir='ltr'><strong>his</strong></span> <span class='ocrx_word' id='word_1_212' title='bbox 498 2841 741 2920; x_wconf 85' lang='lat' dir='ltr'><strong>temptaminibus</strong></span> <span class='ocrx_word' id='word_1_213' title='bbox 762 2841 919 2921; x_wconf 84' lang='lat' dir='ltr'><strong>pervenire</strong></span> <span class='ocrx_word' id='word_1_214' title='bbox 939 2841 978 2900; x_wconf 88' lang='lat' dir='ltr'><strong>ad</strong></span> <span class='ocrx_word' id='word_1_215' title='bbox 999 2840 1143 2900; x_wconf 87' lang='lat' dir='ltr'><strong>ulteriora</strong></span> <span class='ocrx_word' id='word_1_216' title='bbox 1163 2850 1194 2900; x_wconf 89' lang='lat' dir='ltr'><strong>ct</strong></span> <span class='ocrx_word' id='word_1_217' title='bbox 1214 2843 1350 2903; x_wconf 89' lang='lat' dir='ltr'><strong>certiora.</strong></span> 
     </span>
    </p>
   </div>
   <div class='ocr_carea' id='block_1_7' title="bbox 380 3271 1340 3338">
    <p class='ocr_par' dir='ltr' id='par_1_8' title="bbox 380 3271 1340 3338">
     <span class='ocr_line' id='line_1_23' title="bbox 380 3271 1340 3338; baseline -0.001 -2"><span class='ocrx_word' id='word_1_218' title='bbox 380 3275 471 3336; x_wconf 89' lang='lat' dir='ltr'><strong>VIII.</strong></span> <span class='ocrx_word' id='word_1_219' title='bbox 514 3271 700 3334; x_wconf 84' lang='lat' dir='ltr'><strong>TITVLVS</strong></span> <span class='ocrx_word' id='word_1_220' title='bbox 722 3271 907 3335; x_wconf 83' lang='lat' dir='ltr'><strong>ATTICVS</strong></span> <span class='ocrx_word' id='word_1_221' title='bbox 930 3271 1064 3334; x_wconf 83' lang='lat' dir='ltr'><strong>FRVGI</strong></span> <span class='ocrx_word' id='word_1_222' title='bbox 1085 3272 1141 3334; x_wconf 84' lang='grc' dir='ltr'><strong>ΕΤ</strong></span> <span class='ocrx_word' id='word_1_223' title='bbox 1162 3271 1340 3338; x_wconf 88' lang='lat' dir='ltr'><strong>PISONIS.</strong></span> 
     </span>
    </p>
   </div>
   <div class='ocr_carea' id='block_1_8' title="bbox 196 3417 1522 3604">
    <p class='ocr_par' dir='ltr' id='par_1_9' title="bbox 196 3417 1522 3604">
     <span class='ocr_line' id='line_1_24' title="bbox 280 3417 1522 3497; baseline 0.003 -19"><span class='ocrx_word' id='word_1_224' title='bbox 280 3419 395 3496; x_wconf 81' lang='lat' dir='ltr'><strong>VIgiuti</strong></span> <span class='ocrx_word' id='word_1_225' title='bbox 417 3420 525 3478; x_wconf 83' lang='lat' dir='ltr'><strong>abhinc</strong></span> <span class='ocrx_word' id='word_1_226' title='bbox 547 3417 633 3478; x_wconf 90' lang='lat' dir='ltr'><strong>annis</strong></span> <span class='ocrx_word' id='word_1_227' title='bbox 655 3437 694 3478; x_wconf 83' lang='lat' dir='ltr'><strong>ex</strong></span> <span class='ocrx_word' id='word_1_228' title='bbox 715 3417 871 3494; x_wconf 85' lang='lat' dir='ltr'><strong>parietinis</strong></span> <span class='ocrx_word' id='word_1_229' title='bbox 893 3419 1079 3479; x_wconf 82' lang='lat' dir='ltr'><strong>Athenarum</strong></span> <span class='ocrx_word' id='word_1_230' title='bbox 1101 3437 1179 3497; x_wconf 90' lang='lat' dir='ltr'><strong>quae</strong></span> <span class='ocrx_word' id='word_1_231' title='bbox 1200 3420 1321 3480; x_wconf 90' lang='lat' dir='ltr'><strong>emersit</strong></span> <span class='ocrx_word' id='word_1_232' title='bbox 1340 3421 1423 3482; x_wconf 84' lang='lat' dir='ltr'><strong>basis</strong></span> <span class='ocrx_word' id='word_1_233' title='bbox 1446 3441 1522 3482; x_wconf 87' lang='lat' dir='ltr'><strong>mar·</strong></span> 
     </span>
     <span class='ocr_line' id='line_1_25' title="bbox 196 3519 1402 3604; baseline 0.004 -26"><span class='ocrx_word' id='word_1_234' title='bbox 196 3521 287 3580; x_wconf 89' lang='lat' dir='ltr'><strong>moris</strong></span> <span class='ocrx_word' id='word_1_235' title='bbox 308 3521 454 3580; x_wconf 89' lang='lat' dir='ltr'><strong>Pentelici</strong></span> <span class='ocrx_word' id='word_1_236' title='bbox 475 3526 616 3598; x_wconf 86' lang='lat' dir='ltr'><strong>prostans</strong></span> <span class='ocrx_word' id='word_1_237' title='bbox 638 3519 728 3578; x_wconf 90' lang='lat' dir='ltr'><strong>hodie</strong></span> <span class='ocrx_word' id='word_1_238' title='bbox 748 3520 787 3578; x_wconf 91' lang='lat' dir='ltr'><strong>ad</strong></span> <span class='ocrx_word' id='word_1_239' title='bbox 808 3519 1031 3580; x_wconf 89' lang='lat' dir='ltr'><strong>Parthenonem</strong></span> <span class='ocrx_word' id='word_1_240' title='bbox 1052 3521 1235 3581; x_wconf 87' lang='lat' dir='ltr'><strong>occidentem</strong></span> <span class='ocrx_word' id='word_1_241' title='bbox 1258 3522 1402 3604; x_wconf 79' lang='lat' dir='ltr'><strong>cersus³)</strong></span> 
     </span>
    </p>
   </div>
   <div class='ocr_carea' id='block_1_9' title="bbox 563 3651 714 3698">
    <p class='ocr_par' dir='ltr' id='par_1_10' title="bbox 563 3651 714 3698">
     <span class='ocr_line' id='line_1_26' title="bbox 563 3651 714 3698; baseline -0.007 -1"><span class='ocrx_word' id='word_1_242' title='bbox 563 3651 586 3697; x_wconf 92' lang='lat'>0</span> <span class='ocrx_word' id='word_1_243' title='bbox 607 3653 714 3698; x_wconf 63' lang='lat' dir='ltr'><strong>curto}</strong></span> 
     </span>
    </p>
   </div>
   <div class='ocr_carea' id='block_1_10' title="bbox 440 3765 1278 4132">
    <p class='ocr_par' dir='ltr' id='par_1_11' title="bbox 440 3765 1276 3836">
     <span class='ocr_line' id='line_1_27' title="bbox 440 3765 1276 3836; baseline 0.001 -3"><span class='ocrx_word' id='word_1_244' title='bbox 440 3789 573 3834; x_wconf 72' lang='lat' dir='ltr'><strong>umaron</strong></span> <span class='ocrx_word' id='word_1_245' title='bbox 624 3787 826 3832; x_wconf 75' lang='lat' dir='ltr'><strong>rnuuormors</strong></span> <span class='ocrx_word' id='word_1_246' title='bbox 916 3765 1042 3832; x_wconf 67' lang='lat' dir='ltr'><strong>Hieron</strong></span> <span class='ocrx_word' id='word_1_247' title='bbox 1111 3791 1276 3836; x_wconf 82' lang='lat' dir='ltr'><strong>urxmruon</strong></span> 
     </span>
    </p>

    <p class='ocr_par' dir='ltr' id='par_1_12' title="bbox 441 3881 1276 3934">
     <span class='ocr_line' id='line_1_28' title="bbox 441 3881 1276 3934; baseline -0.001 -1"><span class='ocrx_word' id='word_1_248' title='bbox 441 3889 571 3934; x_wconf 80' lang='lat' dir='ltr'><strong>nerxror</strong></span> <span class='ocrx_word' id='word_1_249' title='bbox 598 3887 673 3932; x_wconf 80' lang='lat' dir='ltr'><strong>mon</strong></span> <span class='ocrx_word' id='word_1_250' title='bbox 702 3887 828 3931; x_wconf 75' lang='lat' dir='ltr'><strong>narrans</strong></span> <span class='ocrx_word' id='word_1_251' title='bbox 917 3885 1041 3931; x_wconf 71' lang='lat' dir='ltr'><strong>acrior</strong></span> <span class='ocrx_word' id='word_1_252' title='bbox 1066 3887 1142 3932; x_wconf 84' lang='lat' dir='ltr'><strong>mou</strong></span> <span class='ocrx_word' id='word_1_253' title='bbox 1169 3881 1276 3934; x_wconf 76' lang='lat' dir='ltr'><strong>trorrr</strong></span> 
     </span>
    </p>

    <p class='ocr_par' dir='ltr' id='par_1_13' title="bbox 442 3987 1278 4132">
     <span class='ocr_line' id='line_1_29' title="bbox 442 3987 1278 4040; baseline 0 -7"><span class='ocrx_word' id='word_1_254' title='bbox 442 3987 829 4040; x_wconf 72' lang='lat' dir='ltr'><strong>smorsrsnrrnmmnms</strong></span> <span class='ocrx_word' id='word_1_255' title='bbox 918 3987 1278 4034; x_wconf 73' lang='lat' dir='ltr'><strong>ernorsesnemrnren</strong></span> 
     </span>
     <span class='ocr_line' id='line_1_30' title="bbox 595 4087 1156 4132; baseline -0.004 0"><span class='ocrx_word' id='word_1_256' title='bbox 595 4088 682 4132; x_wconf 73' lang='lat' dir='ltr'><strong>aron</strong></span> <span class='ocrx_word' id='word_1_257' title='bbox 1055 4087 1156 4132; x_wconf 75' lang='lat' dir='ltr'><strong>esron</strong></span> 
     </span>
    </p>
   </div>
   <div class='ocr_carea' id='block_1_11' title="bbox 197 4190 1522 4376">
    <p class='ocr_par' dir='ltr' id='par_1_14' title="bbox 197 4190 1522 4376">
     <span class='ocr_line' id='line_1_31' title="bbox 197 4190 1522 4272; baseline -0.002 -18"><span class='ocrx_word' id='word_1_258' title='bbox 197 4215 234 4254; x_wconf 91' lang='lat' dir='ltr'><strong>eo</strong></span> <span class='ocrx_word' id='word_1_259' title='bbox 249 4195 368 4253; x_wconf 83' lang='lat' dir='ltr'><strong>nomiae</strong></span> <span class='ocrx_word' id='word_1_260' title='bbox 381 4193 518 4272; x_wconf 86' lang='lat' dir='ltr'><strong>insignis,</strong></span> <span class='ocrx_word' id='word_1_261' title='bbox 534 4191 615 4269; x_wconf 90' lang='lat' dir='ltr'><strong>quod</strong></span> <span class='ocrx_word' id='word_1_262' title='bbox 630 4191 708 4250; x_wconf 90' lang='lat' dir='ltr'><strong>duos</strong></span> <span class='ocrx_word' id='word_1_263' title='bbox 723 4191 849 4250; x_wconf 86' lang='lat' dir='ltr'><strong>duarum</strong></span> <span class='ocrx_word' id='word_1_264' title='bbox 863 4190 1117 4250; x_wconf 89' lang='lat' dir='ltr'><strong>nobilissimarum</strong></span> <span class='ocrx_word' id='word_1_265' title='bbox 1128 4190 1308 4249; x_wconf 87' lang='lat' dir='ltr'><strong>familiarum</strong></span> <span class='ocrx_word' id='word_1_266' title='bbox 1319 4190 1522 4251; x_wconf 84' lang='lat' dir='ltr'><strong>Romanarum</strong></span> 
     </span>
     <span class='ocr_line' id='line_1_32' title="bbox 197 4287 1521 4376; baseline -0.002 -22"><span class='ocrx_word' id='word_1_267' title='bbox 197 4297 278 4356; x_wconf 85' lang='lat' dir='ltr'><strong>viros</strong></span> <span class='ocrx_word' id='word_1_268' title='bbox 300 4295 465 4372; x_wconf 81' lang='lat' dir='ltr'><strong>coniungit,</strong></span> <span class='ocrx_word' id='word_1_269' title='bbox 491 4293 548 4352; x_wconf 91' lang='lat' dir='ltr'><strong>etsi</strong></span> <span class='ocrx_word' id='word_1_270' title='bbox 569 4311 629 4352; x_wconf 90' lang='lat' dir='ltr'><strong>non</strong></span> <span class='ocrx_word' id='word_1_271' title='bbox 651 4291 745 4352; x_wconf 90' lang='lat' dir='ltr'><strong>semel</strong></span> <span class='ocrx_word' id='word_1_272' title='bbox 765 4291 877 4370; x_wconf 87' lang='lat' dir='ltr'><strong>prodiit</strong></span> <span class='ocrx_word' id='word_1_273' title='bbox 898 4291 1050 4368; x_wconf 81' lang='lat' dir='ltr'><strong>descrIpta</strong></span> <span class='ocrx_word' id='word_1_274' title='bbox 1069 4298 1129 4350; x_wconf 92' lang='lat' dir='ltr'><strong>tam</strong></span> <span class='ocrx_word' id='word_1_275' title='bbox 1151 4310 1171 4350; x_wconf 87' lang='lat' dir='ltr'><strong>a</strong></span> <span class='ocrx_word' id='word_1_276' title='bbox 1191 4291 1321 4351; x_wconf 89' lang='lat' dir='ltr'><strong>Pittacio</strong></span> <span class='ocrx_word' id='word_1_277' title='bbox 1342 4287 1426 4368; x_wconf 83' lang='grc' dir='ltr'><strong>(Ἐφ.</strong></span> <span class='ocrx_word' id='word_1_278' title='bbox 1449 4289 1521 4376; x_wconf 52' lang='lat' dir='ltr'><strong>dux.</strong></span> 
     </span>
    </p>
   </div>
   <div class='ocr_carea' id='block_1_12' title="bbox 198 4451 400 4462">
    <p class='ocr_par' dir='ltr' id='par_1_15' title="bbox 198 4451 400 4462">
     <span class='ocr_line' id='line_1_33' title="bbox 198 4451 400 4462; baseline 0 0"><span class='ocrx_word' id='word_1_279' title='bbox 198 4451 400 4462; x_wconf 66' lang='lat' dir='ltr'>——a—-a</span> 
     </span>
    </p>
   </div>
   <div class='ocr_carea' id='block_1_13' title="bbox 197 4550 1525 5346">
    <p class='ocr_par' dir='ltr' id='par_1_16' title="bbox 198 4550 1524 4694">
     <span class='ocr_line' id='line_1_34' title="bbox 275 4550 1524 4617; baseline -0.001 -12"><span class='ocrx_word' id='word_1_280' title='bbox 275 4553 299 4616; x_wconf 91' lang='lat'><strong>¹)</strong></span> <span class='ocrx_word' id='word_1_281' title='bbox 327 4553 432 4606; x_wconf 86' lang='lat' dir='ltr'><strong>Scilicet</strong></span> <span class='ocrx_word' id='word_1_282' title='bbox 461 4552 578 4603; x_wconf 81' lang='lat' dir='ltr'><strong>confudit</strong></span> <span class='ocrx_word' id='word_1_283' title='bbox 605 4553 715 4617; x_wconf 84' lang='lat' dir='ltr'><strong>scriptor</strong></span> <span class='ocrx_word' id='word_1_284' title='bbox 741 4551 848 4602; x_wconf 88' lang='lat' dir='ltr'><strong>inscitus</strong></span> <span class='ocrx_word' id='word_1_285' title='bbox 871 4565 930 4602; x_wconf 86' lang='lat' dir='ltr'><strong>cum</strong></span> <span class='ocrx_word' id='word_1_286' title='bbox 954 4550 1053 4604; x_wconf 87' lang='lat' dir='ltr'><strong>Sabino</strong></span> <span class='ocrx_word' id='word_1_287' title='bbox 1075 4550 1125 4600; x_wconf 90' lang='lat' dir='ltr'><strong>hoc</strong></span> <span class='ocrx_word' id='word_1_288' title='bbox 1147 4550 1290 4602; x_wconf 82' lang='lat' dir='ltr'><strong>MasurInm</strong></span> <span class='ocrx_word' id='word_1_289' title='bbox 1310 4551 1435 4605; x_wconf 87' lang='lat' dir='ltr'><strong>Sablnum</strong></span> <span class='ocrx_word' id='word_1_290' title='bbox 1460 4553 1524 4604; x_wconf 91' lang='lat' dir='ltr'><strong>iuris</strong></span> 
     </span>
     <span class='ocr_line' id='line_1_35' title="bbox 198 4643 620 4694; baseline -0.002 0"><span class='ocrx_word' id='word_1_291' title='bbox 198 4651 326 4694; x_wconf 87' lang='lat' dir='ltr'><strong>auctorem</strong></span> <span class='ocrx_word' id='word_1_292' title='bbox 346 4645 437 4694; x_wconf 86' lang='lat' dir='ltr'><strong>aetatis</strong></span> <span class='ocrx_word' id='word_1_293' title='bbox 456 4643 620 4694; x_wconf 82' lang='lat' dir='ltr'><strong>Tiberianae.</strong></span> 
     </span>
    </p>

    <p class='ocr_par' dir='ltr' id='par_1_17' title="bbox 197 4719 1525 5164">
     <span class='ocr_line' id='line_1_36' title="bbox 274 4719 1525 4804; baseline -0.001 -19"><span class='ocrx_word' id='word_1_294' title='bbox 274 4733 299 4797; x_wconf 85' lang='lat'><strong>¹)</strong></span> <span class='ocrx_word' id='word_1_295' title='bbox 327 4735 576 4797; x_wconf 61' lang='lat' dir='ltr'><strong>Herculaneum</strong></span> <span class='ocrx_word' id='word_1_296' title='bbox 597 4729 656 4801; x_wconf 76' lang='lat' dir='ltr'><strong>Ipya</strong></span> <span class='ocrx_word' id='word_1_297' title='bbox 672 4728 784 4800; x_wconf 72' lang='grc' dir='ltr'><strong>πολίμου</strong></span> <span class='ocrx_word' id='word_1_298' title='bbox 803 4725 925 4798; x_wconf 65' lang='lat' dir='ltr'><strong>indubias</strong></span> <span class='ocrx_word' id='word_1_299' title='bbox 944 4727 1044 4800; x_wconf 71' lang='grc' dir='ltr'><strong>ὶγῖνιτο,</strong></span> <span class='ocrx_word' id='word_1_300' title='bbox 1066 4723 1096 4789; x_wconf 73' lang='lat' dir='ltr'><strong>uic</strong></span> <span class='ocrx_word' id='word_1_301' title='bbox 1113 4727 1153 4781; x_wconf 80' lang='lat' dir='ltr'><strong>aul</strong></span> <span class='ocrx_word' id='word_1_302' title='bbox 1165 4720 1208 4782; x_wconf 72' lang='grc' dir='ltr'><strong>τδν</strong></span> <span class='ocrx_word' id='word_1_303' title='bbox 1219 4730 1262 4797; x_wconf 74' lang='grc' dir='ltr'><strong>τῆς</strong></span> <span class='ocrx_word' id='word_1_304' title='bbox 1272 4719 1369 4792; x_wconf 70' lang='grc' dir='ltr'><strong>πὸλιως</strong></span> <span class='ocrx_word' id='word_1_305' title='bbox 1381 4721 1525 4804; x_wconf 58' lang='lat' dir='ltr'><strong>intimem</strong></span> 
     </span>
     <span class='ocr_line' id='line_1_37' title="bbox 198 4811 1524 4894; baseline -0.002 -20"><span class='ocrx_word' id='word_1_306' title='bbox 198 4815 260 4894; x_wconf 73' lang='grc' dir='ltr'><strong>μιτοῖ</strong></span> <span class='ocrx_word' id='word_1_307' title='bbox 280 4813 383 4894; x_wconf 71' lang='grc' dir='ltr'><strong>πρᾶξιις</strong></span> <span class='ocrx_word' id='word_1_308' title='bbox 405 4813 506 4882; x_wconf 63' lang='grc' dir='ltr'>πολλὰ</span> <span class='ocrx_word' id='word_1_309' title='bbox 524 4813 642 4882; x_wconf 57' lang='lat' dir='ltr'><strong>murensi:</strong></span> <span class='ocrx_word' id='word_1_310' title='bbox 665 4819 792 4888; x_wconf 78' lang='grc' dir='ltr'><strong>(Σαβῖνος</strong></span> <span class='ocrx_word' id='word_1_311' title='bbox 810 4817 838 4871; x_wconf 66' lang='lat' dir='ltr'><strong>di</strong></span> <span class='ocrx_word' id='word_1_312' title='bbox 856 4811 884 4886; x_wconf 74' lang='grc' dir='ltr'><strong>ἧν</strong></span> <span class='ocrx_word' id='word_1_313' title='bbox 902 4811 980 4890; x_wconf 65' lang='grc' dir='ltr'><strong><em>ὄνομα</em></strong></span> <span class='ocrx_word' id='word_1_314' title='bbox 998 4813 1077 4890; x_wconf 61' lang='lat' dir='ltr'><strong>nied)</strong></span> <span class='ocrx_word' id='word_1_315' title='bbox 1096 4811 1248 4892; x_wconf 72' lang='grc' dir='ltr'><strong><em>βουλᾶμενον</em></strong></span> <span class='ocrx_word' id='word_1_316' title='bbox 1266 4821 1377 4874; x_wconf 72' lang='lat' dir='ltr'><strong>amitinus</strong></span> <span class='ocrx_word' id='word_1_317' title='bbox 1394 4815 1426 4873; x_wconf 79' lang='lat' dir='ltr'><strong>rui</strong></span> <span class='ocrx_word' id='word_1_318' title='bbox 1443 4813 1524 4892; x_wconf 73' lang='lat' dir='ltr'><strong>ysyvu&#39;-</strong></span> 
     </span>
     <span class='ocr_line' id='line_1_38' title="bbox 198 4903 1525 4984; baseline 0.001 -20"><span class='ocrx_word' id='word_1_319' title='bbox 198 4933 259 4984; x_wconf 77' lang='grc' dir='ltr'><strong><em>μινα</em></strong></span> <span class='ocrx_word' id='word_1_320' title='bbox 276 4903 344 4982; x_wconf 58' lang='lat' dir='ltr'><strong>§riba</strong></span> <span class='ocrx_word' id='word_1_321' title='bbox 368 4913 512 4966; x_wconf 71' lang='grc' dir='ltr'><strong>παισθίντα</strong></span> <span class='ocrx_word' id='word_1_322' title='bbox 534 4907 598 4966; x_wconf 78' lang='grc' dir='ltr'><strong>κατᾶ</strong></span> <span class='ocrx_word' id='word_1_323' title='bbox 621 4911 665 4964; x_wconf 76' lang='lat' dir='ltr'><strong>rui</strong></span> <span class='ocrx_word' id='word_1_324' title='bbox 687 4905 786 4982; x_wconf 73' lang='lat' dir='ltr'><strong>spurina</strong></span> <span class='ocrx_word' id='word_1_325' title='bbox 803 4911 961 4978; x_wconf 79' lang='grc' dir='ltr'><strong>τιλιυτῆσαι.</strong></span> <span class='ocrx_word' id='word_1_326' title='bbox 998 4915 1061 4966; x_wconf 82' lang='lat' dir='ltr'><strong>vita</strong></span> <span class='ocrx_word' id='word_1_327' title='bbox 1079 4914 1161 4967; x_wconf 83' lang='lat' dir='ltr'><strong>Gord.</strong></span> <span class='ocrx_word' id='word_1_328' title='bbox 1181 4917 1229 4967; x_wconf 85' lang='lat'><strong>1³:</strong></span> <span class='ocrx_word' id='word_1_329' title='bbox 1254 4923 1311 4967; x_wconf 82' lang='lat' dir='ltr'><strong>lunc</strong></span> <span class='ocrx_word' id='word_1_330' title='bbox 1334 4922 1360 4966; x_wconf 82' lang='lat' dir='ltr'><strong>ct</strong></span> <span class='ocrx_word' id='word_1_331' title='bbox 1377 4914 1525 4982; x_wconf 62' lang='lat' dir='ltr'><strong>persecut</strong></span> 
     </span>
     <span class='ocr_line' id='line_1_39' title="bbox 197 5004 1525 5073; baseline 0 -17"><span class='ocrx_word' id='word_1_332' title='bbox 197 5005 257 5056; x_wconf 78' lang='lat' dir='ltr'><strong>urbi</strong></span> <span class='ocrx_word' id='word_1_333' title='bbox 268 5005 379 5058; x_wconf 80' lang='lat' dir='ltr'><strong>Sabinus</strong></span> <span class='ocrx_word' id='word_1_334' title='bbox 397 5007 540 5058; x_wconf 81' lang='lat' dir='ltr'><strong>consularis</strong></span> <span class='ocrx_word' id='word_1_335' title='bbox 557 5007 608 5056; x_wconf 70' lang='lat' dir='ltr'><strong>turn</strong></span> <span class='ocrx_word' id='word_1_336' title='bbox 625 5007 667 5056; x_wconf 84' lang='lat' dir='ltr'><strong>nir</strong></span> <span class='ocrx_word' id='word_1_337' title='bbox 676 5004 749 5070; x_wconf 74' lang='lat' dir='ltr'><strong>fuste</strong></span> <span class='ocrx_word' id='word_1_338' title='bbox 762 5020 899 5072; x_wconf 71' lang='lat' dir='ltr'><strong>pmemraa</strong></span> <span class='ocrx_word' id='word_1_339' title='bbox 917 5007 1014 5057; x_wconf 66' lang='lat' dir='ltr'><strong>cremas</strong></span> <span class='ocrx_word' id='word_1_340' title='bbox 1031 5006 1099 5057; x_wconf 82' lang='lat' dir='ltr'><strong>etin</strong></span> <span class='ocrx_word' id='word_1_341' title='bbox 1116 5004 1225 5073; x_wconf 77' lang='lat' dir='ltr'><strong>publico</strong></span> <span class='ocrx_word' id='word_1_342' title='bbox 1236 5005 1435 5068; x_wconf 71' lang='lat' dir='ltr'><strong>demlictacert,</strong></span> <span class='ocrx_word' id='word_1_343' title='bbox 1454 5005 1525 5057; x_wconf 86' lang='lat' dir='ltr'><strong>uude</strong></span> 
     </span>
     <span class='ocr_line' id='line_1_40' title="bbox 198 5097 939 5164; baseline 0 -16"><span class='ocrx_word' id='word_1_344' title='bbox 198 5099 355 5164; x_wconf 83' lang='lat' dir='ltr'><strong>supplendus</strong></span> <span class='ocrx_word' id='word_1_345' title='bbox 374 5105 413 5148; x_wconf 87' lang='lat' dir='ltr'><strong>est</strong></span> <span class='ocrx_word' id='word_1_346' title='bbox 430 5097 503 5148; x_wconf 87' lang='lat' dir='ltr'><strong>locus</strong></span> <span class='ocrx_word' id='word_1_347' title='bbox 521 5097 596 5148; x_wconf 82' lang='lat' dir='ltr'><strong>hians</strong></span> <span class='ocrx_word' id='word_1_348' title='bbox 614 5097 682 5146; x_wconf 83' lang='lat' dir='ltr'><strong>vitae</strong></span> <span class='ocrx_word' id='word_1_349' title='bbox 700 5097 839 5150; x_wconf 78' lang='lat' dir='ltr'><strong>Maximini</strong></span> <span class='ocrx_word' id='word_1_350' title='bbox 857 5113 879 5148; x_wconf 91' lang='lat' dir='ltr'><strong>c.</strong></span> <span class='ocrx_word' id='word_1_351' title='bbox 896 5097 939 5148; x_wconf 80' lang='lat'><strong>15.</strong></span> 
     </span>
    </p>

    <p class='ocr_par' dir='ltr' id='par_1_18' title="bbox 198 5177 1522 5346">
     <span class='ocr_line' id='line_1_41' title="bbox 273 5177 1522 5260; baseline -0.005 -20"><span class='ocrx_word' id='word_1_352' title='bbox 273 5187 298 5250; x_wconf 83' lang='lat'><strong>⁸)</strong></span> <span class='ocrx_word' id='word_1_353' title='bbox 327 5191 360 5240; x_wconf 91' lang='lat' dir='ltr'><strong>In</strong></span> <span class='ocrx_word' id='word_1_354' title='bbox 384 5189 485 5255; x_wconf 76' lang='lat' dir='ltr'><strong>pistica</strong></span> <span class='ocrx_word' id='word_1_355' title='bbox 506 5195 580 5253; x_wconf 79' lang='lat' dir='ltr'><strong>parta</strong></span> <span class='ocrx_word' id='word_1_356' title='bbox 603 5188 717 5239; x_wconf 86' lang='lat' dir='ltr'><strong>ciusdem</strong></span> <span class='ocrx_word' id='word_1_357' title='bbox 741 5188 811 5241; x_wconf 86' lang='lat' dir='ltr'><strong>basis</strong></span> <span class='ocrx_word' id='word_1_358' title='bbox 838 5203 903 5260; x_wconf 88' lang='lat' dir='ltr'><strong>quae</strong></span> <span class='ocrx_word' id='word_1_359' title='bbox 930 5188 1025 5255; x_wconf 82' lang='lat' dir='ltr'><strong>scripta</strong></span> <span class='ocrx_word' id='word_1_360' title='bbox 1051 5195 1109 5239; x_wconf 86' lang='lat' dir='ltr'><strong>sant</strong></span> <span class='ocrx_word' id='word_1_361' title='bbox 1137 5177 1166 5240; x_wconf 84' lang='lat' dir='ltr'><strong>ll</strong></span> <span class='ocrx_word' id='word_1_362' title='bbox 1173 5178 1182 5237; x_wconf 83' lang='lat' dir='ltr'><strong>l</strong></span> <span class='ocrx_word' id='word_1_363' title='bbox 1209 5191 1334 5236; x_wconf 63' lang='lat' dir='ltr'><strong>totitatis</strong></span> <span class='ocrx_word' id='word_1_364' title='bbox 1359 5191 1522 5236; x_wconf 68' lang='lat' dir='ltr'><strong>antestitem</strong></span> 
     </span>
     <span class='ocr_line' id='line_1_42' title="bbox 198 5279 729 5346; baseline 0.004 -16"><span class='ocrx_word' id='word_1_365' title='bbox 198 5292 215 5330; x_wconf 88' lang='lat' dir='ltr'><strong>a</strong></span> <span class='ocrx_word' id='word_1_366' title='bbox 232 5281 357 5345; x_wconf 83' lang='lat' dir='ltr'><strong>primaria</strong></span> <span class='ocrx_word' id='word_1_367' title='bbox 374 5280 542 5346; x_wconf 79' lang='lat' dir='ltr'><strong>inscriptione</strong></span> <span class='ocrx_word' id='word_1_368' title='bbox 560 5279 645 5331; x_wconf 81' lang='lat' dir='ltr'><strong>abana</strong></span> <span class='ocrx_word' id='word_1_369' title='bbox 662 5285 729 5332; x_wconf 83' lang='lat' dir='ltr'><strong>snut.</strong></span> 
     </span>
    </p>
   </div>
   <div class='ocr_carea' id='block_1_14' title="bbox 0 0 1941 5960">
    <p class='ocr_par' dir='ltr' id='par_1_19' title="bbox 0 0 1941 5960">
     <span class='ocr_line' id='line_1_43' title="bbox 0 0 1941 5960; baseline 0 0"><span class='ocrx_word' id='word_1_370' title='bbox 0 0 1941 5960; x_wconf 95' lang='lat' dir='ltr'><strong> </strong></span> 
     </span>
    </p>
   </div>
  </div>
 </body>
</html>
