3858 5960
424 622 494 693 102
978 633 1176 686 wmusuus

420 817 451 867 et
471 809 509 866 33
536 815 604 866 ante
628 807 858 884 praefecturam,
886 824 914 862 n.
937 804 976 864 28
998 815 1028 864 et
1047 807 1086 865 35
1113 811 1184 882 post
1209 821 1274 862 eam
1300 803 1412 861 tribuni
1436 801 1541 862 urbani
1567 802 1637 860 faeti
1663 813 1738 860 sunt.

419 908 525 984 Itaque
551 926 618 965 cum
645 907 813 965 tribunatus
841 905 890 964 uel
918 913 988 964 ante
1016 905 1062 963 vel
1090 914 1160 982 post
1186 903 1403 980 praefecturam
1432 904 1646 978 suscipiantur,
1675 922 1740 960 eam
1770 909 1775 926 ⁵

421 1009 500 1065 inter
520 1007 643 1066 militias
665 1014 817 1083 equestres
839 1015 951 1064 certum
972 1005 1071 1064 locum
1093 1005 1214 1062 omnino
1235 1021 1294 1062 non
1316 1003 1458 1062 babuisse
1480 1003 1668 1062 manifestum
1685 1012 1741 1071 est,

421 1107 566 1183 dignitate
591 1117 690 1165 antem
716 1107 778 1166 fere
805 1115 907 1182 parem
932 1107 1023 1164 fnisse
1044 1103 1244 1163 tribunatibus
1265 1105 1387 1163 urbanis
1408 1105 1459 1179 qui
1480 1104 1612 1162 omnium
1634 1103 1741 1160 summi

422 1207 548 1264 inerunt
583 1207 724 1266 Emeritis
746 1207 903 1282 stipendiis
924 1205 1065 1282 praefecti
1085 1204 1212 1280 legionis
1232 1204 1408 1280 plerumque
1429 1205 1460 1262 in
1481 1204 1629 1279 privatam
1650 1202 1741 1260 vitam

421 1306 546 1364 rediisse
566 1307 717 1378 videntum
745 1314 954 1382 procuraturus
977 1307 998 1362 ii
1020 1313 1133 1362 tantum
1156 1310 1347 1380 aeceperunt,
1372 1306 1423 1380 qni
1445 1304 1568 1362 militias
1589 1311 1741 1378 equestres

421 1405 553 1465 fecerant
572 1405 616 1481 (n.
633 1405 660 1464 8.
682 1406 731 1465 28.
752 1407 801 1464 33.
823 1405 886 1481 35).
930 1404 1112 1466 Sacerdotiis
1138 1413 1283 1462 ornantur
1307 1404 1422 1463 ordinis
1444 1404 1590 1479 equestris
1610 1403 1742 1460 Lauren-

421 1507 485 1562 tino
506 1515 536 1563 et
553 1507 708 1564 flaminatu
722 1506 848 1564 lnculari
870 1505 914 1580 (ιι.
931 1505 993 1580 15).
1031 1503 1193 1562 Dunensrii
1206 1505 1345 1562 dicuntur
1366 1523 1395 1560 ιι.
1412 1503 1429 1562 8
1444 1513 1475 1562 et
1491 1505 1539 1576 14,
1561 1504 1616 1562 uiri
1630 1502 1740 1579 egregii

423 1624 452 1662 n.
471 1605 517 1662 14.
537 1606 583 1663 15.
599 1603 648 1662 21.
665 1603 713 1662 22.
731 1605 780 1663 tt.

505 1703 576 1763 Una
596 1723 662 1762 cum
683 1706 782 1782 legato
804 1704 930 1780 legionis
951 1703 1119 1780 praefectus
1140 1702 1268 1779 legionis
1284 1710 1532 1762 commemoratur
1553 1722 1582 1760 n.
1597 1702 1644 1772 17,
1666 1702 1741 1760 unde

424 1822 491 1861 eum
518 1804 603 1862 iuxta
627 1804 756 1880 legatum
782 1807 881 1864 locum
909 1822 996 1862 suum
1018 1803 1160 1861 habuisse
1181 1811 1293 1862 certum
1315 1811 1369 1862 est.
1412 1804 1478 1861 Iam
1499 1821 1565 1860 cnm
1589 1801 1743 1861 Gallienus

423 1903 559 1961 homines
588 1905 702 1963 ordinis
729 1905 871 1964 senatorii
896 1903 1075 1962 militaribus
1101 1903 1266 1962 honoribus
1294 1903 1378 1979 iungi
1405 1902 1589 1978 vetuisset¹)
1616 1902 1743 1978 ideaque

422 2003 539 2078 legatos
566 2005 693 2082 legionis
718 2005 904 2076 sustulisset,
930 2005 1009 2062 vices
1034 2004 1200 2080 legatorum
1225 2012 1423 2080 susceperunt
1442 2003 1600 2080 praefecti,
1625 2004 1703 2061 unde
1724 2022 1743 2060 a

424 2101 557 2162 Gallieni
578 2112 676 2164 aetate
697 2115 787 2181 utque
809 2106 846 2164 ad
865 2105 1087 2164 Diocletianum
1108 2106 1229 2181 saepius
1251 2104 1389 2162 dicuntur
1409 2113 1530 2179 agentes
1552 2104 1632 2162 vices
1653 2105 1743 2180 legati

425 2201 468 2277 (n.
487 2203 524 2262 18
546 2223 573 2262 a.
590 2203 660 2276 267,
681 2225 710 2263 ιι.
726 2205 766 2263 20
788 2225 815 2264 a.
832 2205 902 2277 269,
923 2223 952 2264 ιι.
969 2205 1005 2262 21
1030 2223 1058 2262 s.
1074 2202 1159 2280 284).
1195 2205 1246 2262 Ad
1267 2204 1345 2262 idem
1367 2213 1464 2262 antem
1487 2213 1604 2280 tempus
1625 2204 1656 2262 id
1670 2222 1743 2280 qno-

423 2319 483 2376 que
512 2305 659 2378 pertinere
685 2306 813 2376 videtur,
839 2307 920 2380 quod
947 2305 1038 2363 tradit
1057 2305 1217 2381 vegetius,
1246 2305 1412 2380 praefectos
1440 2303 1588 2362 interdum
1616 2305 1743 2364 vicarios

422 2401 519 2460 fuisse
539 2403 706 2480 legatorum
726 2405 912 2481 provincise3
932 2405 1022 2463 huius
1044 2405 1124 2463 enim
1144 2405 1205 2464 fere
1227 2405 1332 2464 aetatis
1354 2413 1401 2464 est
1421 2405 1524 2462 titulus
1546 2423 1575 2462 ιι.
1592 2402 1641 2463 29.

508 2501 662 2564 Officiales
714 2513 982 2564 commemorantur
1034 2505 1270 2578 cornicularius,
1323 2505 1482 2576 librarius,
1524 2504 1743 2563 'beneficiarius

424 2600 468 2675 (n.
483 2602 629 2678 stt-etl).

507 2701 556 2760 De
577 2705 749 2766 muneribus
769 2707 844 2764 haec
865 2705 952 2764 docet
966 2704 1111 2782 Vegetins
1126 2705 1170 2780 (2,
1184 2705 1231 2781 9)ε
1249 2709 1389 2781 proprias
1407 2705 1491 2763 indes
1504 2714 1565 2764 erat
1582 2709 1743 2781 praefectus

424 2801 544 2876 trptoatr
564 2835 606 2846 —
622 2837 660 2848 —
682 2805 788 2864 tribum
807 2806 852 2864 usi
873 2809 1047 2864 centuriones
1069 2809 1208 2882 saumque
1228 2807 1329 2864 milites
1348 2809 1407 2864 eim
1419 2816 1573 2881 praecepta
1586 2807 1743 2864 amomum.

431 2900 601 2975 Vigiliarum
627 2907 686 2964 sire
702 2907 889 2982 profectionis
911 2915 1019 2965 tessera
1039 2907 1076 2965 ab
1098 2907 1192 2965 eodem
1208 2897 1365 2982 petebatur.
1410 2904 1544 2964 Similes
1566 2910 1667 2965 omnen
1688 2908 1744 2965 ali·

423 3003 502 3076 quod
527 3007 719 3075 ammisisset,
748 3010 916 3065 aurmritute
937 3009 1077 3082 praefecti
1097 3007 1215 3083 lepiom's
1236 3025 1257 3064 a
1278 3008 1389 3064 tribuno
1410 3005 1599 3081 deputabatur
1618 3009 1660 3064 ad
1675 3025 1744 3083 poe·

423 3119 500 3160 num.
542 3102 637 3162 Anna
664 3109 785 3164 omnium
812 3107 946 3177 miiitum,
974 3111 1039 3164 item
1065 3111 1130 3182 equi
1147 3116 1236 3166 uestes
1256 3125 1372 3164 annona
1391 3108 1433 3164 ad
1453 3125 1550 3165 euram
1570 3111 1661 3182 ipsius
1678 3127 1744 3183 per·

426 3200 557 3260 tinebant.
600 3204 782 3280 Disciplinae'
801 3210 952 3277 emeritas,
981 3209 1141 3265 raucitatis
1162 3207 1472 3282 noneolumpeditam
1493 3208 1647 3266 sedetiam
1668 3211 1744 3283 equi·

425 3307 484 3356 tum
505 3300 723 3376 leptonertemm
739 3315 893 3382 praecepto
915 3309 974 3365 eius
995 3309 1094 3366 cotidie
1113 3308 1277 3366 curabatur.
1313 3307 1383 3382 Ipse
1403 3317 1495 3366 antnn
1513 3311 1602 3366 tarne
1624 3309 1745 3384 ditipem

425 3398 536 3459 sobrius
557 3401 690 3476 lepienem
710 3405 767 3462 sibi
787 3409 922 3465 creditum
941 3409 1074 3466 adsiduis
1095 3407 1227 3482 operibus
1248 3408 1289 3466 ad
1307 3427 1413 3466 manem
1434 3409 1614 3479 dmodonerm
1635 3409 1676 3466 ad
1689 3427 1745 3466 om·

424 3515 487 3556 nent
505 3501 655 3574 fumabat
678 3505 863 3578 industriam,
890 3510 980 3564 edens
1006 3507 1047 3565 ad
1069 3509 1209 3582 praefecti
1236 3508 1349 3566 laudem
1376 3508 1558 3569 subiecturum
1586 3510 1746 3568 redundare

424 3601 562 3658 uirtutem.
604 3603 687 3661 Addi
713 3611 813 3682 potest
839 3623 928 3682 saepe
955 3608 1137 3682 praefectum
1163 3608 1289 3686 legionis
1316 3609 1454 3668 insistere
1479 3609 1620 3685 operibus
1645 3611 1745 3668 varios

425 3697 464 3755 ud
489 3716 563 3758 usus
590 3719 609 3758 a
629 3704 774 3764 militibus
794 3705 880 3765 factis
903 3705 1077 3782 (ιι.16.17.
1098 3707 1146 3766 22.
1169 3706 1234 3784 23).
1278 3708 1368 3784 Quod
1388 3718 1486 3767 autem
1507 3708 1546 3766 ad
1566 3709 1743 3768 iurisdictio-

424 3815 492 3856 nem
514 3802 643 3874 pertinet
663 3822 682 3861 a
698 3805 824 3884 Vegetio
846 3817 1116 3881 commemoratam,
1139 3809 1195 3868 boc
1215 3816 1331 3868 tantum
1353 3811 1472 3882 adnoto,
1494 3809 1531 3870 de
1552 3810 1649 3886 eapite
1669 3809 1744 3868 mili·

425 3905 488 3956 tum
508 3909 590 3960 certo
610 3921 670 3962 non
691 3904 787 3966 fnisse
805 3907 948 3967 iudicium
969 3927 1060 3984 penes
1081 3909 1263 3984 praefectum
1284 3909 1460 3987 legioniet).

507 3999 592 4060 Haec
613 4005 665 4080 qni
687 4021 754 4067 aum
776 4009 820 4066 eis
841 4009 1009 4081 eontulerit,
1031 4027 1108 4085 quae
1130 4009 1167 4068 dc
1188 4009 1376 4086 praefectura
1396 4020 1562 4069 castrorum
1584 4029 1675 4086 supra
1693 4029 1744 4070 ex-

423 4101 594 4174 posuimus,
621 4103 648 4163 ei
670 4125 731 4164 ιιοιι
752 4107 872 4166 dubium
894 4111 951 4167 erit
971 4110 1087 4186 opinor,
1115 4109 1186 4184 quin
1207 4110 1394 4186 praefectura
1413 4109 1540 4187 legionis
1562 4111 1601 4170 ab
1621 4111 1675 4170 illa
1694 4129 1745 4169 uo·

425 4200 505 4258 mine
531 4211 645 4262 tantum
672 4205 790 4265 diuersa
815 4207 867 4280 sit3
889 4209 933 4266 ¹ab
959 4209 1093 4267 eiusdem
1120 4210 1199 4267 enim
1228 4212 1346 4288 generis
1373 4212 1542 4270 hominibus
1568 4220 1599 4269 et
1623 4213 1696 4270 haec
1716 4219 1747 4271 et

425 4297 480 4356 illa
500 4302 673 4379 suscipitur,
700 4307 804 4365 eadem
830 4309 985 4384 utriusque
1010 4315 1057 4368 est
1082 4309 1228 4388 dignitas,
1256 4311 1359 4370 eadem
1386 4331 1510 4370 munera
1534 4317 1616 4382 sunt,
1643 4311 1746 4370 eodem

426 4397 553 4474 denique
579 4409 726 4480 tempore,
753 4425 813 4483 quo
838 4408 979 4484 praefecti
1005 4419 1173 4469 castrorum
1194 4409 1225 4468 in
1246 4410 1341 4470 titulis
1363 4411 1472 4470 desinit
1492 4412 1617 4482 mentio,
1643 4411 1748 4488 incipit

426 4498 567 4570 praefecti
587 4501 747 4578 legionum.
782 4505 931 4579 Quattuor
952 4507 1030 4566 enim
1051 4509 1122 4568 illos
1144 4527 1221 4585 quos
1243 4511 1339 4586 primo
1361 4512 1428 4569 loco
1450 4511 1593 4569 collocavi
1614 4529 1652 4568 ne
1674 4511 1746 4568 mibi

427 4613 571 4670 opponas.
607 4599 644 4660 L.
658 4603 839 4678 Memmium,
861 4608 913 4683 qui
934 4616 1076 4684 quaestor
1096 4619 1127 4668 et
1147 4609 1283 4670 tribunus
1303 4611 1400 4685 plebis
1422 4611 1479 4669 fuit
1499 4619 1596 4668 aetate
1614 4609 1745 4685 Augusti

426 4701 457 4752 et
481 4707 606 4765 vocatur
627 4704 789 4778 praejectae
814 4707 952 4784 lepionum
971 4709 1088 4769 XXVI
1107 4719 1133 4768 et
1151 4709 1218 4770 VII
1234 4710 1333 4804 Lucae
1354 4713 1396 4770 ad
1415 4729 1502 4788 apros
1523 4711 1701 4782 diuidendos,
1726 4729 1745 4768 a

503 4941 526 5002 ¹)
555 4943 621 4994 Aur.
635 4947 726 4998 Victor
748 4949 821 5002 Caes.
843 4953 892 5015 33,
912 4955 947 5004 34
970 4961 994 5004 et
1014 4961 1101 5020 patres
1124 4955 1232 5021 quidem,
1256 4964 1360 5024 praeter
1382 4971 1504 5007 commum
1527 4954 1635 5005 Romani
1657 4953 1747 5004 maium

427 5028 507 5091 erbis,
531 5033 676 5086 stimulabat
694 5042 799 5105 proprii
821 5042 920 5092 ordinis
941 5043 1098 5108 conmnulia,
1125 5048 1186 5112 qaia
1198 5048 1302 5114 primur·
1316 5049 1370 5114 quse
1388 5053 1455 5099 motu
1472 5044 1604 5097 maerdice
1621 5060 1691 5105 snae,
1717 5059 1747 5094 ne

425 5119 553 5187 imperinm
571 5125 608 5175 od
625 5129 729 5194 optimos
745 5129 865 5182 nobilium
883 5131 1069 5197 transferretur,
1089 5143 1199 5188 senatun
1217 5137 1310 5189 militia
1328 5139 1411 5200 uetuit,
1432 5133 1505 5189 etrbm
1522 5135 1595 5188 adire
1607 5136 1746 5187 mmmmm.

502 5210 526 5272 ²)
554 5216 655 5268 Walter
673 5219 766 5270 Gesch.
786 5221 811 5271 d.
831 5223 905 5276 Ram.
925 5223 1019 5276 Rechts
1039 5227 1054 5274 2
1074 5224 1166 5288 ξ843,
