3812 5960
367 581 413 652 66
937 591 1120 644 noussen

261 812 269 824 .
366 769 452 844 origo
473 767 554 825 clara
575 777 621 825 est
642 774 672 824 et
693 764 873 834 indubitata3
895 762 1033 820 nimirum
1056 761 1097 820 D.
1111 762 1216 820 lunius
1233 759 1354 821 Silanus
1376 769 1497 838 praetor
1517 781 1545 821 a.
1562 761 1621 822 617
1644 781 1697 823 na·

366 869 493 928 turalem
521 877 636 944 patrem
658 865 764 924 habuit
784 863 822 922 Τ.
846 863 990 922 Manlium
1012 861 1201 939 Torquatum
1222 861 1375 920 consulem
1398 880 1425 919 a.
1442 862 1521 934 589,
1545 880 1564 921 a
1585 881 1646 938 quo
1665 863 1696 920 io

365 968 558 1044 adoptionem
579 967 667 1025 datus
688 965 842 1023 laniorum
865 963 1036 1024 Silanorum
1059 981 1167 1020 nomen
1189 962 1377 1039 propagavit.
1416 963 1534 1020 Deinde
1555 963 1697 1023 extinctis

365 1067 487 1128 Manliis
512 1067 676 1142 Torquatis
705 1073 802 1122 aetate
830 1063 1015 1122 Caesariana
1040 1063 1151 1138 (neque
1178 1063 1257 1120 enim
1284 1063 1378 1121 ullum
1406 1063 1477 1120 novi
1504 1065 1569 1122 eius
1598 1064 1696 1142 gentis

365 1170 562 1248 posteriorem
584 1167 620 1224 T.
643 1167 800 1242 Torquato
822 1164 858 1222 T.
881 1164 902 1221 l.
928 1172 958 1222 et
978 1161 1015 1220 L.
1038 1163 1193 1237 Torquato
1211 1161 1251 1220 L.
1273 1162 1294 1220 f.
1316 1171 1454 1238 praetore
1475 1183 1502 1222 a.
1519 1165 1594 1236 705,
1622 1182 1696 1240 qno·

364 1290 430 1328 rum
459 1277 492 1328 ut
519 1276 702 1326 mortuorum
732 1263 867 1322 meminit
895 1263 1002 1322 Cicero
1035 1263 1065 1321 in
1094 1263 1187 1320 Bruto
1216 1263 1330 1339 scripto
1358 1283 1385 1322 a.
1409 1264 1469 1322 708
1497 1283 1522 1322 c.
1544 1264 1600 1336 70,
1625 1263 1695 1327 745.

366 1370 421 1441 76,
442 1369 521 1444 765)
550 1366 713 1426 secondum
739 1381 826 1424 usum
856 1365 921 1422 eius
950 1364 1094 1439 temporis
1121 1363 1201 1422 Iunii
1231 1361 1342 1434 Silani,
1376 1365 1552 1422 naturaliter
1579 1363 1696 1422 oriundi

365 1473 402 1528 ab
430 1470 506 1542 illis,
533 1487 593 1526 non
620 1467 715 1524 solnm
738 1465 917 1540 imaginibus
939 1465 1037 1540 gentis
1059 1465 1207 1522 extinctae
1229 1481 1357 1540 pompas
1379 1483 1451 1523 suas
1472 1465 1697 1535 decoraverunt,

365 1569 615 1645 quemadmodum
631 1567 756 1624 Tacitus
780 1566 862 1638 (ann.
879 1567 907 1636 3,
924 1565 977 1640 76)
1000 1565 1043 1623 ait
1063 1564 1093 1621 in
1116 1565 1220 1622 sunere
1240 1565 1345 1622 Iuniae
1366 1565 1447 1623 filiae
1460 1565 1499 1622 D.
1518 1563 1611 1624 Silani
1627 1583 1695 1624 con·

366 1669 440 1729 sulis
463 1689 489 1728 a.
507 1667 566 1727 697
590 1668 746 1725 deiunctae
769 1685 795 1723 a.
819 1666 937 1724 demum
959 1684 989 1722 n.
1005 1684 1031 1722 c.
1048 1665 1108 1723 775
1125 1689 1162 1714 =
1179 1685 1207 1742 p.
1224 1663 1296 1723 Chr.
1313 1663 1352 1722 77
1375 1665 1555 1724 Manliorum
1576 1682 1696 1742 qnoque

364 1770 512 1846 imagines
539 1769 686 1826 antelatae
716 1784 800 1836 esse,
827 1765 882 1824 sed
908 1767 976 1843 ipsa
997 1766 1118 1822 nomina
1139 1776 1363 1824 revocaverant.
1406 1766 1500 1824 Plane
1522 1766 1627 1824 eadem
1648 1784 1697 1823 ra·

365 1871 446 1928 tione
467 1868 556 1928 Fabii
578 1867 703 1927 Maximi
730 1877 827 1925 aetate
849 1869 990 1942 Angusta
1013 1866 1155 1924 extinctis
1177 1866 1316 1924 Aemiliis
1338 1867 1456 1924 Paullis
1479 1883 1644 1942 cognomen
1665 1865 1696 1924 id

366 1969 571 2040 adsciverunt,
604 1968 745 2044 qnoniam
773 1967 894 2024 saeculo
922 1975 1011 2025 sexto
1037 1985 1076 2024 ex
1103 1967 1267 2025 maioribus
1296 1985 1397 2026 eorum
1424 1985 1502 2026 unus
1529 1986 1568 2024 ex
1594 1965 1696 2025 Paulli

365 2070 454 2129 domo
480 2070 512 2128 in
532 2070 659 2128 Fabiam
685 2077 817 2126 venerat.
860 2067 907 2126 Ita
927 2067 958 2124 in
980 2065 1091 2127 Silonis
1114 2066 1336 2142 Torquatorum
1359 2087 1468 2126 nomen
1489 2069 1616 2146 emergit
1635 2069 1696 2144 pri·

365 2190 446 2228 mum
469 2171 500 2228 in
521 2170 610 2229 Iunia
624 2169 780 2243 Torquate
801 2167 918 2244 virgine
932 2166 1048 2226 Vestali
1070 2185 1174 2226 sorore
1195 2168 1354 2226 consulum
1375 2187 1403 2226 a.
1421 2168 1458 2225 10
1473 2178 1503 2227 et
1520 2170 1568 2240 15,
1590 2168 1696 2228 deinde
1753 2164 1762 2178 '

364 2272 396 2329 in
424 2269 546 2329 consule
567 2289 594 2328 a
614 2289 643 2345 p.
660 2268 732 2327 chr.
751 2251 1012 2344 taquamquam
1037 2267 1107 2325 hnic
1132 2267 1163 2325 id
1191 2272 1356 2344 cognomen
1380 2287 1440 2326 non
1466 2269 1555 2327 datur
1580 2269 1638 2326 nisi
1663 2269 1695 2328 in

365 2371 453 2430 unico
475 2370 561 2429 titulo
583 2368 711 2442 filiae¹);
734 2367 861 2444 denique
882 2367 1046 2444 abnepotes
1068 2368 1290 2444 adnepotesque
1306 2370 1433 2446 Augusti
1455 2389 1491 2428 eo
1513 2370 1626 2446 passim
1648 2369 1695 2428 usi

365 2489 433 2532 ease
459 2470 659 2530 inveniuntur.
703 2469 818 2527 Eodem
844 2469 1009 2526 rettulerim
1035 2469 1117 2543 quod
1137 2470 1179 2526 ait
1201 2467 1364 2529 Suetonius
1391 2467 1475 2546 (Gai.
1493 2469 1548 2544 75)
1573 2467 1694 2544 Gaium,

365 2591 434 2630 cum
453 2581 555 2630 vetera
577 2569 760 2628 familiarum
780 2569 911 2644 insignia
932 2569 1120 2648 nobilissimo
1140 2570 1246 2644 cuique
1268 2569 1421 2642 adimeret,
1446 2571 1536 2628 etiam
1556 2569 1694 2648 Torqua-

364 2681 427 2730 tum
450 2679 556 2746 torqae
577 2671 728 2746 privasse3
751 2688 819 2726 nam
834 2668 928 2728 Nonii
948 2670 1145 2745 Asprenates,
1168 2669 1204 2728 de
1225 2671 1335 2746 quibas
1357 2671 1492 2746 plerique
1513 2672 1587 2730 haec
1608 2671 1694 2730 intel·

365 2773 469 2850 legunt
495 2779 617 2848 propter
646 2771 846 2828 narrationem
873 2770 1005 2828 eiusdem
1027 2770 1159 2828 auctoris
1180 2771 1212 2828 in
1234 2771 1366 2846 Augusti
1388 2772 1450 2828 vita
1472 2789 1496 2830 c.
1513 2772 1567 2844 43,
1595 2773 1694 2832 minus

364 2881 443 2932 recte
470 2891 560 2948 quam
588 2869 683 2930 Silani
710 2871 837 2930 vetustis
864 2869 987 2930 familiis
1014 2870 1246 2928 adnumerantur
1268 2891 1323 2930 nec
1344 2872 1420 2929 satis
1442 2879 1511 2948 apte
1531 2872 1695 2951 iunguntur

364 2973 484 3049 Magnis
505 2969 799 3046 Cincinnatisquel).
836 2971 998 3046 Perperam
1019 2981 1119 3030 autern
1140 2969 1326 3049 Borghesius
1345 2971 1412 3030 loco
1434 2982 1575 3050 corrupto
1595 2974 1693 3033 Taciti

365 3091 434 3140 ann.
455 3073 484 3144 3,
505 3073 543 3132 58
566 3074 732 3148 separanda
754 3071 853 3130 Silani
878 3071 992 3150 (agitur
1013 3072 1050 3130 de
1073 3071 1195 3130 consule
1217 3089 1243 3129 a.
1262 3072 1315 3147 10)
1343 3082 1471 3132 motans
1493 3075 1568 3132 bona
1588 3079 1694 3153 qnippe

365 3174 427 3232 alio
446 3184 566 3248 parente
584 3176 674 3248 geniti
694 3174 895 3246 reddendaque
909 3173 974 3246 filio
995 3191 1052 3248 pro
1073 3172 1136 3229 alia
1159 3172 1251 3230 scribi
1272 3172 1360 3230 iussit
1374 3173 1499 3233 Manlia.
1533 3174 1611 3234 Nam
1627 3195 1693 3253 per·

364 3290 471 3330 versae
492 3273 656 3332 sententiae
678 3272 721 3329 ita
742 3272 859 3330 medela
879 3271 960 3330 nulla
981 3271 1118 3343 offertum
1140 3273 1179 3330 ad
1194 3272 1342 3348 Torquati
1365 3282 1464 3332 autern
1485 3293 1593 3334 nomen
1609 3277 1693 3336 Mau-

364 3373 414 3432 liis
442 3372 584 3430 tributum
614 3371 824 3448 explicandum
854 3389 950 3446 neque
976 3390 1052 3448 opus
1078 3384 1124 3430 est
1149 3373 1303 3432 affinitatis
1331 3375 1599 3447 demonstratione,
1626 3397 1694 3436 cnm

365 3473 572 3550 adoptionem
596 3473 746 3544 conficiat,
773 3490 869 3548 neque
893 3473 919 3530 si
941 3489 1018 3550 opas
1041 3481 1137 3546 esset,
1167 3473 1241 3533 haec
1262 3475 1358 3533 relata
1380 3475 1418 3532 ad
1439 3477 1593 3536 consulem
1614 3497 1641 3536 a.
1664 3497 1692 3554 pt

365 3571 438 3634 (thr.
456 3574 494 3632 10
516 3573 682 3642 sufficeret,
703 3591 771 3630 cum
792 3572 823 3632 id
844 3591 954 3634 nomen
974 3573 1065 3632 latius
1087 3583 1189 3649 pateat
1209 3575 1239 3632 in
1262 3571 1486 3651 Silanis‘qnam
1508 3587 1542 3636 ut
1567 3578 1604 3637 ab
1629 3581 1694 3638 eius

311 3685 315 3692 '
365 3675 473 3733 aetatis
501 3673 691 3732 matrimonio
720 3672 814 3748 repeti
842 3673 949 3748 possit
996 3674 1091 3732 Miror
1118 3685 1216 3734 autem
1243 3675 1477 3752 Nipperdeium,
1508 3679 1559 3754 qui
1589 3679 1694 3740 funda·

364 3783 465 3832 mento
490 3773 641 3849 opinionis
667 3781 747 3832 recte
771 3773 883 3832 reiecto
905 3783 935 3832 et
956 3773 1139 3834 absurditate
1160 3777 1317 3835 commatis
1339 3778 1450 3853 optime
1471 3789 1629 3856 perspecta
1650 3783 1694 3840 ni·

364 3875 527 3934 bilominua
555 3892 659 3933 secure
686 3891 824 3952 premens
845 3873 1004 3950 Borghesii
1025 3876 1154 3951 vestigia
1167 3875 1301 3936 Vestalis
1323 3879 1411 3936 matri
1432 3879 1563 3938 Manliae
1585 3899 1693 3940 nomen

363 3975 457 4035 inisse
479 3984 631 4040 asseveret
651 3975 780 4049 indeque
801 3974 894 4032 tiliam
917 3974 1101 4051 Torquatam
1123 3977 1305 4053 appellatam
1328 3995 1394 4037 ease
1416 3982 1585 4039 contendat.

448 4074 632 4136 Coniunctos
653 4075 745 4134 luisse
761 4073 903 4134 Claudios
925 4076 1068 4150 patricios
1090 4095 1156 4134 cum
1170 4076 1269 4134 Iuniis
1285 4074 1398 4138 Silanis
1420 4088 1535 4139 tantum
1557 4083 1642 4141 abest
1662 4093 1694 4142 ut

363 4195 481 4254 negem,
503 4185 535 4236 ut
557 4177 684 4236 duorum
706 4175 957 4236 consobrinorum
972 4174 1006 4234 C.
1021 4176 1113 4252 Appii
1128 4173 1226 4235 Silani
1247 4195 1309 4236 cos.
1332 4199 1359 4236 a.
1376 4177 1415 4239 78
1436 4189 1467 4239 et
1481 4181 1586 4240 Iuniae
1601 4180 1693 4241 Clan-

363 4278 453 4337 dillae
481 4277 603 4336 nomina
629 4273 798 4336 Claudiana
824 4275 937 4334 ducant
961 4277 1000 4335 ad
1026 4277 1227 4336 coniecturam
1253 4297 1438 4338 communem
1466 4301 1569 4340 eorum
1595 4284 1693 4342 aviam

442 4535 465 4598 ¹)
492 4535 553 4588 Non
568 4523 789 4600 ⁴supervacaneum
808 4537 857 4584 erit
876 4549 981 4584 monere
1000 4543 1089 4586 cantos
1107 4537 1247 4588 admodum
1265 4555 1313 4589 noe
1333 4555 1388 4590 esse
1408 4542 1501 4591 debere
1520 4543 1547 4592 in
1567 4543 1693 4593 eiusmodi

364 4627 559 4691 cognominibus
577 4626 738 4675 hereditariis
758 4626 790 4676 ab
809 4628 850 4688 iis,
871 4627 963 4690 quibus
982 4627 1021 4676 ina
1040 4628 1068 4676 in
1087 4642 1118 4676 eo
1130 4629 1171 4689 sit,
1192 4629 1371 4680 abindioandis
1384 4640 1489 4697 propter
1501 4635 1692 4698 usurpationem

363 4731 453 4766 eorum
473 4717 602 4766 omissam.
621 4717 661 4765 Ita
680 4717 785 4766 Tacitus
804 4719 831 4766 in
850 4719 986 4768 annalibus
1005 4733 1028 4768 a.
1044 4719 1087 4769 64,
1102 4719 1136 4770 65
1156 4717 1191 4769 Ι).
1211 4721 1302 4772 Silano
1322 4739 1464 4786 cognomen
1485 4724 1612 4790 Torquati
1631 4725 1692 4774 dare

363 4807 444 4868 solat,
464 4807 544 4856 Lucio
563 4821 670 4870 negare,
690 4813 719 4856 ut
736 4807 801 4856 adeo
820 4809 916 4858 scribat
936 4810 978 4871 16,
993 4811 1023 4860 8:
1049 4810 1128 4878 ι’]ιιιιιιι
1148 4808 1237 4861 dehinc
1256 4811 1372 4862 Silanum
1390 4815 1516 4880 increpuit
1532 4815 1620 4865 iisdem
1639 4816 1692 4881 qai·

365 4893 409 4945 boa
429 4902 548 4961 patruum
569 4895 623 4946 eiua
644 4893 809 4960 Torquatum
834 4906 861 4948 at
883 4894 1050 4950 nihilominus
1073 4901 1162 4965 paullo
1185 4909 1244 4968 post
1267 4920 1289 4954 c.
1306 4907 1338 4954 17
1364 4906 1469 4955 eosdem
1487 4905 1605 4956 homines
1624 4920 1692 4956 com·

363 4985 482 5048 plectitur
499 4986 671 5050 appellatione
691 4987 800 5037 duorum
819 4989 1019 5054 Torquatorum.

439 5089 464 5154 ²)
492 5093 525 5155 Q.
538 5095 641 5145 Volusii
664 5095 777 5146 consulis
796 5109 819 5146 a.
835 5097 888 5148 809
903 5118 937 5139 =
952 5101 986 5150 56
1011 5115 1079 5150 ιιιιοι·
1097 5102 1231 5166 Torquate
1253 5101 1322 5163 (ride
1347 5119 1414 5169 qnae
1433 5105 1554 5155 adnotavi
1574 5103 1608 5153 ad
1627 5101 1692 5152 Bor·

362 5183 478 5248 gheainm
498 5199 558 5250 opp.
578 5186 604 5247 3,
619 5186 681 5238 333.
696 5186 759 5246 334)
779 5202 811 5237 ex
831 5203 882 5252 qua
899 5197 976 5252 gente
994 5191 1079 5254 faerit,
1100 5195 1235 5243 nescimus.
