3826 5962
554 779 853 836 cassavsuronas
872 781 989 834 aaron.
1008 782 1058 833 ιιι.
1394 769 1467 844 225

136 959 271 1022 dirersis
293 957 480 1016 diversarum
503 953 621 1012 urbium
643 959 673 1010 et
693 951 773 1029 apud
787 950 949 1028 Polybium
969 951 1128 1010 mirificum
1149 961 1197 1012 est
1218 963 1249 1014 et
1268 973 1365 1033 paene
1386 961 1473 1022 dixe-

23 1055 26 1142 ζ
137 1061 197 1122 rim
222 1055 413 1132 incredibile,
441 1074 509 1115 cum
531 1055 558 1113 is
581 1069 747 1112 consensus
768 1059 849 1110 recte
871 1069 904 1110 se
925 1051 1033 1111 habeat
1053 1052 1085 1110 in
1105 1052 1231 1114 bonoria
1253 1057 1472 1136 significatione

137 1161 274 1238 legitima
295 1158 496 1234 diuturnoque
518 1173 575 1214 usu
596 1159 725 1230 recepta.
761 1151 880 1212 Deinde
901 1169 978 1228 quae
999 1153 1153 1212 attulimus
1175 1161 1341 1239 στρατηγοῦ
1361 1153 1471 1221 ὑπάτου

137 1261 275 1338 lapidum
301 1257 475 1318 testimonia
502 1265 618 1316 tautum
639 1254 738 1326 abeat,
765 1263 799 1312 ut
819 1252 1032 1331 appellativum
1054 1255 1162 1314 summi
1183 1256 1269 1318 ducis
1290 1261 1471 1332 mentionem

139 1361 315 1430 admittant,
348 1366 380 1417 ut
408 1356 561 1434 propriam
589 1353 782 1431 magistratus
811 1353 1083 1414 denominationem
1111 1359 1281 1418 necessario
1308 1363 1471 1438 requirant.

22 1459 26 1468 '
138 1459 249 1536 Neque
270 1458 351 1520 enim
366 1457 465 1532 video,
487 1476 548 1534 quo
568 1457 634 1516 iure
654 1455 790 1531 posuerit
805 1455 1056 1532 Waddingtenius
1070 1455 1240 1518 Romanum
1261 1461 1471 1538 magistratum

138 1563 171 1622 in
199 1568 322 1620 senatus
348 1558 494 1618 consultis
517 1556 636 1634 quidem
657 1556 791 1634 legitima
811 1555 1013 1633 appellatione
1034 1555 1184 1634 designari
1206 1559 1359 1634 debuisse,
1388 1571 1419 1624 at
1440 1565 1472 1624 iu

23 1669 30 1754 }
139 1659 238 1720 titulis
261 1660 289 1718 ei
311 1658 456 1720 dedicatis
477 1658 612 1734 ipsisque
634 1657 771 1735 epistulis
793 1657 832 1714 ab
854 1673 890 1714 eo
912 1655 990 1716 datis
1013 1657 1152 1718 sufficere
1172 1661 1301 1736 quodvis
1323 1683 1383 1724 non
1404 1685 1473 1743 pro-

138 1761 238 1840 prium
259 1761 438 1822 vccabulum
459 1759 503 1817 rei
525 1767 637 1833 aptum.
675 1757 770 1818 Immo
792 1775 890 1834 neque
906 1754 1091 1816 Graecorum
1112 1776 1186 1818 usus
1208 1769 1239 1818 et
1259 1762 1353 1822 multo
1374 1767 1473 1826 minus

21 1869 23 1879 ¹
138 1861 316 1922 Latinorum
338 1859 477 1932 admittit,
501 1869 534 1918 ut
554 1875 655 1936 regem
677 1859 726 1917 vel
746 1857 899 1918 consulem
922 1857 969 1917 vel
990 1858 1154 1933 quemlibet
1172 1860 1299 1938 denique
1313 1867 1472 1941 magistre·

21 1957 39 1976 ’“
140 1972 204 2022 tum
225 1962 364 2022 enunties
386 1961 509 2039 proprio
530 1960 655 2018 honoris
677 1960 797 2018 nomine
818 1975 983 2035 suppresso
1005 1959 1228 2036 substitutoque
1248 1961 1280 2020 in
1295 1963 1360 2022 eius
1374 1965 1473 2025 locum

140 2063 290 2124 vocabulo
316 2062 377 2122 elio
397 2062 436 2120 ad
458 2059 614 2122 arbitrium
635 2060 740 2120 electo.
784 2057 882 2134 Quam
904 2060 942 2119 ob
964 2077 1026 2118 rem
1049 2078 1115 2118 cum
1137 2060 1211 2120 haec
1232 2063 1394 2139 explicatio
1416 2069 1474 2127 rei·

21 2153 36 2188 ··’
141 2161 249 2222 cienda
270 2164 320 2238 ait,
341 2162 526 2224 redeundum
547 2171 595 2222 eat
615 2161 736 2220 omnino
758 2159 796 2218 ad
818 2177 911 2236 supra
931 2161 1116 2238 propositam
1137 2171 1168 2220 et
1188 2161 1352 2224 defensam.

227 2260 288 2324 Sed
309 2273 424 2324 restent
443 2263 647 2327 dubitationes
668 2259 814 2337 quaedam
830 2259 1066 2337 Waddingtonii,
1088 2262 1199 2337 quibus
1216 2262 1275 2324 iam
1290 2267 1474 2342 responden·

26 2363 38 2372 “
141 2364 214 2424 dnm
235 2371 296 2436 est3
317 2363 425 2442 dignae
446 2364 524 2424 enim
547 2373 618 2422 sunt
639 2362 738 2422 solida
759 2361 823 2420 eius
838 2361 897 2420 viri
915 2360 1060 2434 doctrina,
1083 2379 1174 2438 equo
1189 2363 1279 2422 etiam
1295 2366 1344 2424 ubi
1360 2367 1476 2427 dissen-

20 2467 43 2494 '·
142 2466 211 2538 tias,
228 2483 345 2544 semper
355 2465 506 2544 proficias.
542 2463 678 2524 Primum
693 2462 774 2538 quod
788 2461 903 2521 monuit
916 2462 1081 2545 στρατηγοῦ
1094 2451 1203 2520 ὑπάτου
1220 2464 1401 2524 vocabulum
1416 2486 1475 2526 non

20 2565 44 2604 ‘5-
141 2565 269 2626 inveniri
290 2566 348 2626 nisi
369 2567 401 2624 in
422 2565 517 2626 titulis
538 2563 765 2642 proconsulum,
786 2581 847 2621 non
867 2562 1034 2632 consulum,
1055 2561 1155 2638 itaque
1170 2563 1250 2622 vices
1265 2563 1363 2624 lacere
1378 2561 1477 2623 άνξτυ.

20 2675 34 2706 ’-
143 2659 236 2724 πάτου
259 2665 399 2726 vocabuli
419 2675 527 2744 postea
549 2666 667 2726 demum
688 2663 859 2734 introducti,
880 2662 912 2724 id
933 2663 1002 2738 ipse
1021 2681 1054 2720 re
1074 2661 1231 2734 refellitur,
1254 2665 1280 2722 si
1302 2671 1382 2724 recte
1405 2683 1476 2744 sup·

33 2773 40 2781 '
144 2767 294 2844 plevimua
310 2775 431 2826 senatus
446 2767 615 2832 consultum
630 2763 666 2822 de
680 2763 897 2824 Prienensibus
911 2770 941 2820 et
956 2759 1066 2821 Samiis
1082 2781 1109 2821 a.
1122 2761 1182 2820 619
1206 2762 1249 2838 (p.
1268 2764 1351 2840 156).
1384 2765 1475 2826 Prae-

144 2879 228 2932 terea
253 2867 311 2928 etsi
337 2857 510 2926 ἀνθυπάτου
539 2864 716 2928 vocabulum
743 2864 917 2924 recentioris
944 2861 1070 2940 originis
1094 2871 1155 2934 est,
1182 2863 1261 2922 sicut
1286 2865 1386 2942 ipsum
1407 2885 1477 2944 pro·

19 2983 37 3020 =
145 2968 280 3028 consulis
309 2985 496 3044 nequaquam
525 2975 674 3028 vetustum
701 2973 763 3042 est,
791 2964 848 3022 dici
876 2963 974 3039 potuit
1001 2969 1034 3020 ut
1056 2981 1114 3038 pro
1143 2965 1256 3023 consuls
1280 2963 1406 3039 Latine,
1434 2968 1478 3026 ita

19 3100 51 3126 .·
147 3068 264 3130 Graece
286 3057 347 3124 riori
368 3069 531 3150 στρατηγοῦ
547 3057 656 3126 ὑπάτου
679 3065 726 3126 vel
747 3059 817 3124 ἀνθ’
831 3055 953 3121 ὑπάτου.
990 3060 1080 3135 Quod
1101 3064 1154 3138 qui
1174 3064 1383 3142 improbabant
1404 3075 1478 3128 tam·

19 3186 48 3228 1·
146 3189 238 3248 quam
266 3168 401 3228 insoleus
430 3175 461 3226 et
486 3187 505 3228 a
531 3166 650 3230 Graeco
678 3184 737 3226 usu
764 3165 943 3237 abhorrens,
972 3181 1026 3223 eos
1054 3163 1195 3224 credibile
1222 3175 1270 3226 est
1296 3185 1357 3227 non
1385 3170 1478 3229 absti-

43 3287 49 3320 :
146 3271 250 3331 nuiase
271 3278 430 3348 propterea
450 3269 489 3330 ab
510 3269 592 3330 omni
612 3268 735 3348 proprio
757 3265 914 3338 vocabulo,
939 3264 993 3322 sed
1015 3264 1187 3341 confugisse
1208 3267 1308 3342 potius
1331 3269 1368 3326 ad
1391 3287 1479 3329 usum

19 3407 25 3414 -
146 3379 226 3432 certe
249 3369 405 3432 Ciceronis
433 3379 530 3430 aetate
555 3369 647 3448 vulgo
674 3377 826 3446 receptum
853 3364 1048 3442 (blarquardt
1068 3365 1099 3423 in
1121 3367 1285 3428 enchiridio
1308 3369 1341 3440 3,
1368 3371 1394 3442 1,
1417 3371 1476 3429 277

27 3489 60 3514 ι·
147 3492 177 3530 ιι.
195 3472 301 3548 1909),
322 3482 356 3530 ut
376 3472 427 3547 qui
448 3489 503 3548 pro
526 3469 648 3530 consule
670 3471 719 3530 vel
740 3488 795 3547 pro
817 3475 956 3544 praetore
978 3473 1068 3536 esset,
1090 3468 1199 3526 consul
1220 3476 1377 3545 praetorve
1400 3469 1481 3529 dice-

19 3613 28 3624 .
148 3579 239 3632 retur.
284 3569 365 3644 Quid
392 3571 473 3647 quod
500 3589 537 3628 na
564 3569 601 3627 de
627 3577 762 3646 tempore
788 3567 906 3644 quidem
934 3567 1009 3624 satis
1036 3573 1166 3640 constat,
1193 3586 1254 3644 quo
1275 3569 1339 3627 eins
1362 3571 1481 3646 generis

149 3671 295 3732 vocabula
326 3672 358 3728 in
391 3687 558 3727 sermonem
584 3667 725 3728 Latinum
757 3671 799 3727 ita
830 3668 1047 3743 reciperentur,
1080 3675 1113 3725 nt
1140 3669 1192 3743 qui
1220 3687 1275 3745 pro
1304 3669 1482 3746 magistratu

36 3833 49 3844 ,
150 3780 240 3844 esset,
262 3772 289 3827 is
312 3769 444 3844 legitime
466 3770 660 3844 magistratus
682 3769 741 3827 dici
762 3787 821 3827 non
835 3774 948 3846 posset.
987 3764 1067 3828 Sane
1089 3767 1145 3825 etsi
1166 3787 1226 3826 non
1244 3769 1329 3829 licuit
1344 3769 1482 3830 Ciceroni

49 3933 57 3942 ,
150 3868 386 3948 aequalibusque
408 3868 473 3926 eius
494 3867 525 3924 in
548 3867 686 3942 epistulis
707 3868 903 3928 inscribendis
926 3867 1080 3926 consulem
1102 3867 1255 3944 appellare
1277 3872 1328 3946 qui
1343 3889 1398 3946 pro
1413 3890 1482 3931 con-

144 3972 216 4052 sule
244 3978 341 4040 esset,
367 3967 436 4026 inde
466 3984 525 4026 non
546 3975 626 4025 recte
649 3967 779 4044 ,colliges
807 3967 885 4026 idem
914 3986 973 4026 non
1001 3967 1125 4026 licuisse
1154 3965 1301 4028 Graeciae
1329 3970 1483 4030 liberatori

152 4073 190 4131 T.
212 4069 394 4130 Flaminino.

235 4169 366 4231 Gravius
393 4179 453 4244 est,
482 4171 562 4247 quod
583 4178 739 4248 praeterea
760 4169 903 4247 opposuit
918 4168 1170 4246 Waddiugtonius
1193 4169 1230 4246 (l.
1246 4189 1270 4228 c
1294 4173 1375 4231 etin
1396 4173 1484 4232 lestis

149 4269 323 4354 provideiae
344 4272 439 4332 Asiae
465 4291 495 4349 p.
512 4269 623 4346 etseq.
645 4270 692 4330 ed.
715 4271 869 4346 minoris),
897 4268 932 4329 C.
955 4269 1104 4328 Fannium
1128 4277 1297 4346 praetorem
1320 4291 1347 4330 a.
1364 4273 1424 4332 tot
1452 4274 1483 4334 in

149 4373 281 4452 epistula
308 4374 346 4434 ab
372 4373 440 4448 ipso
466 4373 577 4450 scripta
598 4373 696 4430 relata
716 4370 796 4448 apud
818 4371 979 4447 loscpbum
1002 4372 1095 4446 antiq.
1120 4371 1297 4442 14,10,15
1320 4373 1378 4434 dici
1400 4393 1485 4458 τοξα-

149 4470 237 4552 τηγόν
265 4464 390 4540 ὕπατον,
418 4474 488 4532 item
516 4471 595 4550 apud
624 4473 750 4531 eundem
783 4473 835 4542 tl,
861 4471 953 4542 10,e
981 4469 1093 4529 Iulium
1125 4468 1235 4530 Gaium
1265 4473 1368 4533 nescio
1395 4493 1485 4554 quem

52 4625 64 4646 .,
151 4575 286 4635 eiusdem
308 4574 415 4632 aetatis
438 4574 587 4632 hominem
609 4573 790 4650 pariterque,
813 4579 846 4629 nt
860 4569 986 4640 ridetur,
1007 4569 1148 4646 praetura
1168 4571 1341 4650 fungentem
1360 4575 1391 4634 in
1405 4577 1486 4654 epis-

46 4719 56 4748 ..
150 4674 216 4732 tulo
237 4691 292 4732 sua
313 4673 460 4752 appellari
481 4666 641 4756 στρατηγὸν
660 4664 769 4728 ὕπατον
787 4662 941 4736 Ῥωμαίων.
978 4670 1112 4728 Admisit
1125 4671 1376 4750 Waddingtonius
1392 4676 1486 4754 signi-

50 4826 61 4838 .
150 4773 236 4833 liceri
258 4773 303 4830 sic
323 4774 427 4834 ducem
449 4775 600 4834 exercitus
622 4771 706 4829 nulla
722 4771 846 4829 honoris
862 4769 1145 4830 commemoratione
1159 4772 1251 4846 lacta3
1274 4783 1305 4832 at
1321 4775 1351 4832 id
1367 4787 1485 4835 contra-

150 4857 319 4934 riumbsse
339 4875 548 4934 consuetudini
562 4871 716 4932 Romanae
738 4888 830 4948 supra
851 4870 979 4960 ostendi:
1016 4869 1155 4950 Denique
1173 4874 1224 4950 qui
1239 4875 1385 4950 epistulae
1401 4895 1487 4952 prae-

60 4984 68 4999 '
152 4972 275 5050 scripsit
286 4973 344 5031 sic:
359 4963 444 5035 Γάιος
454 4965 570 5036 Φάννιος
580 4965 666 5031 Γαιόυ
682 4966 741 5033 uitis
755 4964 916 5054 crparqryit
925 4961 1031 5030 ὕπατος
1043 4963 1129 5047 incru
1140 4961 1269 5060 ἄρχοντι
1282 4967 1404 5058 χαίρειν,
1419 4995 1486 5036 cum

153 5075 183 5133 in
206 5073 335 5134 nummis
358 5091 394 5132 eo
416 5072 483 5151 ipso
505 5092 584 5134 anno
606 5073 732 5151 signatis
746 5071 915 5150 appelletur
933 5069 966 5131 0.
980 5071 1142 5150 Fun(niat)
1152 5073 1312 5152 pontisas)
1322 5075 1485 5156 pr(cctor),

74 5248 78 5263 Ι
154 5193 221 5234 eum
243 5173 311 5250 quis
333 5155 435 5234 credet
454 5173 486 5234 in
506 5175 560 5234 illa
580 5173 814 5252 praescriptione
835 5166 996 5256 στρατηγὸν
1018 5191 1050 5233 se
1072 5173 1186 5236 dixisse
1200 5183 1353 5254 tamquam
1370 5177 1486 5251 ducem,

38 5287 48 5300 ·
154 5291 214 5333 non
240 5281 391 5352 tamqnam
418 5275 606 5353 praetorem?
650 5272 804 5352 Sequitur,
832 5283 865 5334 ut
885 5267 1045 5358 ττριιτηγὸτ
1066 5263 1172 5334 inmas
1193 5278 1223 5335 in
1244 5277 1327 5338 hisce
1348 5280 1486 5358 epistulis

156 5373 276 5452 scriptis
287 5374 406 5437 ineunte
421 5375 540 5437 saeculo
556 5385 663 5437 octavo
677 5375 762 5436 aliud
776 5375 925 5455 significet
939 5384 1028 5454 atque
1043 5376 1172 5438 vidimus
1188 5379 1358 5455 significare
1372 5381 1403 5438 in
1418 5380 1488 5438 titu-

1222 5479 1261 5538 16
