3750 5990
718 645 946 699 FELIOIANVS.

569 815 656 875 Pauli
676 816 811 892 Ramusij
834 816 1078 892 Ariminensis1).

415 914 560 977 Scribitur
581 918 711 994 antiquis
732 929 765 976 ut
785 918 896 994 pagina
916 918 1079 994 qu[a]eque
1099 919 1214 996 figuris,

455 1018 522 1077 Hoc
542 1017 739 1095 Augustini²)
761 1019 861 1078 nobile
882 1019 987 1094 pandit
1008 1037 1094 1096 opus.

413 1119 503 1177 Hunc
521 1119 612 1195 igitur
632 1120 724 1178 tacita
744 1126 845 1178 teneat
866 1121 921 1178 sub
944 1127 1042 1178 mente
1062 1119 1195 1179 libellum

456 1217 602 1295 Quisquis
624 1220 790 1280 Romuleas
812 1229 897 1297 optat
917 1221 1028 1279 habere
1049 1229 1154 1280 notus:

413 1316 465 1380 Sic
485 1338 580 1396 uagus
602 1322 756 1380 Ausonias
778 1322 888 1398 poterit
909 1322 1037 1380 transire
1058 1342 1112 1398 per
1135 1322 1223 1380 urbes

455 1420 552 1481 Tutus
573 1430 604 1482 et
624 1422 761 1500 ingentes
784 1439 926 1498 spernere
947 1423 1077 1482 diuitias.

641 1575 777 1652 Venetijs
800 1575 1020 1635 Moochxxxr

746 1676 818 1736 XV.
841 1677 919 1752 Iulij.

251 1994 351 2055 Lucae
371 1997 509 2056 Paciuoli
531 1999 624 2057 rerba
649 1999 701 2073 qui
729 2015 795 2056 oum
821 1997 860 2056 iis
888 2015 965 2074 quae
987 1997 1160 2062 Felicianus
1188 1997 1343 2070 disseruit,
1372 2000 1497 2072 confert,

169 2095 258 2155 facile
279 2098 387 2174 opinor
408 2099 465 2156 sihi
487 2097 693 2173 persuadebit,
722 2099 796 2158 haec
818 2097 963 2158 Paciuolo
985 2118 1045 2158 non
1066 2099 1172 2178 ignota
1192 2099 1296 2159 fuisse.
1339 2097 1411 2159 Non
1431 2099 1498 2160 dico

169 2196 316 2256 celebrem
343 2207 513 2274 geometren
544 2199 619 2258 nihil
651 2199 687 2258 de
714 2217 770 2258 suo
795 2199 944 2278 prolerre3
977 2201 1068 2260 immo
1095 2200 1305 2277 proportiones
1331 2200 1498 2261 litterarum

168 2297 207 2355 ad
232 2297 324 2356 alium
345 2299 499 2359 modulum
520 2309 611 2376 atque
632 2299 805 2358 Feliciones
827 2301 988 2377 expressit,
1015 2301 1170 2360 liberiores
1192 2301 1359 2360 litterarum
1381 2311 1496 2364 tractus

168 2396 205 2454 ad
237 2400 432 2476 geometricas
464 2401 595 2459 rationes
628 2419 768 2461 revocare
800 2401 930 2474 studuit,
967 2403 1177 2460 nonnullarum
1206 2402 1372 2460 litterarum
1405 2403 1494 2464 etiam

166 2496 292 2556 formam
314 2500 489 2559 emendavit.
534 2497 595 2560 Sed
616 2521 693 2580 quae
715 2502 752 2561 de
773 2497 880 2561 litteris
901 2521 979 2578 quae
1002 2512 1071 2560 sunt
1093 2505 1121 2559 A
1139 2502 1164 2560 B
1182 2499 1251 2559 OD
1269 2501 1295 2559 F
1312 2501 1342 2562 G
1355 2501 1387 2560 H
1409 2504 1497 2574 dixit,

166 2597 312 2658 Feliciaui
333 2602 500 2677 praeceptis
523 2611 583 2660 tam
606 2603 717 2662 similia
738 2611 809 2664 sunt
830 2613 862 2662 ut
883 2619 1094 2677 nonnunquam
1117 2602 1241 2660 verbum
1265 2601 1355 2660 verbo
1372 2619 1497 2679 respon·

166 2698 244 2757 deat.
282 2699 440 2762 Eiusmodi
462 2719 626 2761 consensus
648 2704 731 2762 casui
753 2703 843 2762 tribui
865 2705 979 2779 nequit,
1001 2701 1054 2760 sed
1076 2701 1162 2758 docet
1182 2701 1297 2760 Lucam
1319 2701 1495 2762 Paciuolum

166 2816 222 2874 pro
242 2799 362 2859 illorum
383 2812 549 2879 temporum
572 2805 789 2864 consuetudine
810 2821 937 2880 eaquae
958 2803 996 2860 ab
1018 2801 1078 2860 alio
1099 2812 1179 2860 recte
1200 2803 1372 2880 excogitata
1389 2821 1497 2881 reppe-

168 2899 269 2972 risset,
291 2903 356 2961 sine
378 2903 442 2961 ulla
462 2903 647 2962 dubitatione
668 2905 699 2962 in
721 2921 808 2962 suum
831 2921 918 2961 usum
942 2903 1134 2962 convertisse.

251 3000 359 3078 Neque
380 3003 466 3062 aliter
487 3004 678 3063 statuendum
700 3003 738 3062 de
759 3005 872 3080 pictore
898 3004 975 3062 inter
996 3011 1144 3062 nostrates
1165 3003 1254 3062 facile
1275 3004 1421 3082 principe,
1445 3008 1498 3081 qui

167 3102 194 3159 si
221 3102 289 3177 quis
314 3103 393 3162 alius
419 3105 549 3162 animam
577 3104 687 3180 ubique
713 3103 845 3180 prodidit
866 3103 1118 3176 candidissimam,
1147 3104 1272 3164 Alberto
1294 3105 1421 3164 Ddrero.
1466 3107 1498 3167 Is

166 3219 233 3260 cum
257 3202 288 3261 in
313 3203 391 3262 libro
417 3221 487 3279 quo.
503 3203 540 3262 de
566 3203 669 3262 circini
697 3213 727 3263 et
750 3206 872 3281 regulae
893 3223 951 3264 usu
977 3205 1164 3281 exposuit³)‚
1195 3206 1303 3265 seriem
1330 3207 1497 3266 litterarum

165 3303 269 3378 pulcre
290 3303 505 3364 delineatarum
520 3313 711 3382 proponeret,
733 3323 794 3365 nou
816 3305 913 3366 solum
934 3307 1050 3365 litteras
1064 3305 1150 3384 ipsas
1165 3306 1228 3364 lere
1243 3307 1319 3366 tales
1335 3307 1499 3368 delineavit

166 3403 272 3478 quales
293 3405 372 3482 apud
393 3404 571 3464 Paciuolum
594 3406 779 3482 reperimus,
806 3407 973 3466 sedetiam
1001 3407 1114 3466 eisdem
1142 3407 1189 3466 vel
1219 3407 1380 3467 simillimis
1408 3416 1498 3484 atque

166 3504 216 3563 hic
229 3505 395 3564 rationibus
410 3507 599 3583 geometricis
620 3508 651 3566 in
673 3507 781 3566 litteris
800 3509 1023 3567 conformandis
1045 3525 1118 3568 usus
1140 3517 1195 3568 est.
1228 3507 1276 3568 Ne
1290 3510 1363 3567 haee
1377 3509 1496 3584 quidem

166 3623 215 3664 res
236 3607 297 3664 iam
319 3606 449 3665 verbosa
468 3607 672 3683 disputatione
692 3607 828 3684 indigere
850 3608 968 3666 videtur
987 3619 1146 3686 postquam
1167 3610 1199 3668 iu
1220 3610 1323 3669 tabula
1343 3609 1389 3668 Ill
1409 3608 1496 3669 Paci·

167 3706 229 3764 uoli
251 3715 281 3764 et
301 3706 412 3766 Diireri
433 3707 598 3767 litterarum
620 3709 762 3767 idoneum
783 3707 933 3784 specimen
954 3727 1123 3786 proponere
1144 3710 1245 3781 licuit;
1267 3729 1306 3768 ex
1327 3729 1387 3786 quo
1409 3709 1496 3770 Paci·

167 3806 232 3864 ooli
259 3805 369 3864 librum
398 3807 516 3866 Diirero
543 3819 644 3868 notum
676 3809 773 3867 luisse
804 3808 878 3866 satis
908 3810 1015 3886 opinor
1047 3807 1126 3868 clare
1163 3817 1297 3887 apparet.
1345 3809 1496 3870 Pictorem

166 3904 450 3983 Norimbergensem
472 3909 541 3966 aliis
555 3908 700 3968 Italorum
719 3908 804 3966 libris
826 3908 1046 3968 mathematicis
1068 3927 1154 3968 usum
1176 3925 1244 3967 esse
1265 3915 1347 3968 certo
1369 3910 1495 3982 scimus3

167 4024 241 4066 sanc
261 4007 437 4066 adservatur
462 4009 610 4085 hodieque
639 4009 671 4067 in
697 4009 881 4070 bibliotheca
903 4007 1146 4084 Guelferbytanae
1170 4009 1342 4084 exemplum
1368 4010 1495 4070 elemen-

166 4118 264 4168 torum
284 4107 422 4167 Euclidis
444 4107 579 4170 Venetiis
601 4130 628 4169 a.
653 4109 733 4168 1505
755 4109 847 4168 latine
869 4109 1017 4166 editorum
1039 4109 1120 4184 quod
1134 4107 1273 4168 Direrus
1295 4127 1323 4166 a.
1341 4109 1420 4168 1507
1436 4109 1496 4168 Ve-

166 4209 255 4270 netiis
277 4227 311 4270 se
336 4206 450 4270 emisse
471 4229 528 4270 sua
556 4229 646 4270 manu
674 4205 772 4287 primo
794 4208 868 4267 lolio
889 4208 1053 4287 inscripsit.
1097 4207 1186 4282 Quod
1209 4209 1235 4266 si
1257 4209 1396 4269 Paeiuoli
1417 4228 1495 4287 opus

165 4311 232 4388 ipse
254 4329 355 4370 seeum
370 4309 507 4370 Venetiis
528 4312 648 4370 domum
670 4318 841 4387 reportasse
860 4309 950 4369 statui
971 4327 1031 4367 non
1046 4316 1156 4387 potest,
1178 4310 1321 4386 quoniam
1342 4318 1411 4388 post
1431 4310 1497 4371 eius

165 4411 332 4472 discessum
348 4413 430 4489 typis
445 4411 629 4487 descriptum
650 4419 681 4470 et
701 4410 812 4470 editum
828 4417 884 4481 ast,
906 4410 981 4468 nihil
1001 4411 1102 4469 obstat
1116 4411 1275 4487 quominus
1289 4410 1401 4472 librum
1415 4410 1497 4490 apud

168 4511 264 4574 Italos
286 4513 433 4572 celebrem
455 4513 517 4572 alia
537 4512 587 4571 via
607 4509 838 4591 Norimbergam
860 4511 982 4570 allatum
1003 4529 1072 4571 esse
1092 4517 1240 4590 putemus.

249 4613 394 4673 Berolini.
1090 4646 1128 4708 R.
1152 4643 1290 4707 Scabra.

245 4875 269 4937 ¹)
292 4875 335 4926 De
353 4876 436 4928 Paulo
455 4877 591 4930 Rsnnnsio
610 4877 664 4928 sire
675 4877 801 4930 munio
820 4877 1002 4928 iurisconsulto
1019 4876 1063 4928 rd.
1076 4875 1230 4928 'lirahoschi
1249 4873 1338 4928 Storia
1355 4875 1426 4928 delta
1444 4877 1496 4929 tea.

168 4963 230 5018 Ital.
250 4967 304 5018 vu
325 4967 339 5016 1
358 4982 385 5031 p.
400 4969 451 5020 239
471 4969 512 5020 ed.
532 4969 608 5020 Rom.

243 5052 269 5119 ²)
293 5057 468 5123 Augustinum
487 5074 624 5126 quemnam
643 5059 714 5110 dicat
731 5073 784 5109 non
804 5071 935 5124 assequor.

244 5145 269 5211 ⁸)
287 5139 501 5217 'Underoeysanq
520 5149 565 5201 der
577 5147 697 5217 Mescunq
708 5150 753 5200 mit
765 5147 819 5200 dem
833 5147 939 5200 Zirclrel
953 5145 1006 5198 und
1017 5139 1193 5215 Ricltscdeyt'.
1220 5147 1338 5198 Adhibui
1356 5146 1495 5202 editionem

172 5239 234 5290 anni
253 5239 332 5293 1525.
369 5239 412 5294 De
431 5239 472 5294 hia
489 5241 584 5294 Dtreri
603 5242 694 5293 studiis
713 5241 759 5293 cir.
778 5241 813 5292 Δ.
832 5255 884 5292 von
902 5240 975 5291 Zahn
992 5231 1102 5292 Dircr’s
1118 5236 1270 5292 Karstlelrrc
1286 5255 1313 5306 p.
1326 5240 1370 5293 st.
