3812 5960
397 567 445 640 58
966 578 1148 631 nonnam

395 753 477 816 Sane
497 755 572 812 haec
592 771 664 812 vera
684 751 779 826 magis
802 759 872 808 sunt
892 767 982 825 qnam
1003 749 1065 807 veri
1088 749 1213 819 similia;
1242 749 1385 808 habemus
1407 748 1486 806 enim
1508 747 1649 808 mulieres
1670 767 1725 824 per

395 863 456 915 tres
478 855 684 931 generationes
706 869 782 928 qnae
803 860 921 928 partum
943 849 1089 908 ediderint
1110 856 1179 908 unte
1194 848 1367 906 vicesimum
1384 867 1504 907 annum.
1542 849 1625 908 Nota
1638 867 1724 926 prae-

396 965 478 1014 terea
498 954 593 1012 Iuliae
614 953 746 1029 Augusti
766 951 846 1010 filiae
868 951 1098 1026 primogenitum
1121 949 1214 1007 luisse
1237 947 1349 1008 Gaium
1370 959 1472 1006 natum
1494 967 1521 1006 a.
1535 949 1596 1007 734
1617 949 1724 1014 liliam·

395 1074 454 1132 qne
475 1055 584 1113 Iuliam
612 1060 772 1130 propterea
798 1052 882 1110 nasci
907 1069 967 1108 non
995 1050 1127 1124 potuisse
1155 1058 1223 1108 ante
1246 1068 1356 1108 annum
1378 1059 1567 1125 sequentem
1597 1068 1667 1108 nam
1697 1048 1723 1114 si

395 1155 540 1232 gemellos
562 1153 738 1229 peperisset,
761 1151 792 1208 id
813 1170 874 1210 non
895 1159 1051 1208 taceretur.
1096 1148 1174 1206 Vere
1197 1149 1288 1226 igitur
1309 1150 1427 1208 Plinius
1450 1151 1492 1208 ibi
1515 1149 1559 1223 (h.
1581 1170 1609 1208 n.
1627 1150 1656 1220 7,
1674 1149 1721 1221 13,

395 1257 461 1331 58),
482 1255 534 1312 ubi
557 1260 683 1312 testatur
704 1251 806 1310 dirum
821 1252 992 1328 Augustum
1014 1250 1111 1327 neptis
1133 1267 1204 1308 suae
1226 1258 1363 1325 nepotem
1380 1250 1493 1308 vidisse
1515 1250 1647 1326 genitum
1662 1265 1722 1325 quo

394 1355 525 1418 excessit
545 1371 623 1412 anno
638 1353 679 1410 M.
698 1350 845 1422 Silanum,
867 1352 923 1408 hoc
944 1351 1027 1410 addit
1048 1350 1086 1408 ad
1105 1346 1257 1426 ‘reliquam
1280 1351 1311 1408 in
1333 1369 1369 1408 eo
1390 1351 1596 1427 exemplorum
1617 1350 1722 1410 rarita-

394 1450 471 1514 tem’.
487 1486 526 1496 -
549 1454 645 1512 Mater
659 1452 817 1528 abnepotis
833 1453 963 1528 Augusti
978 1461 1049 1510 natu
1064 1451 1186 1510 maximi
1203 1450 1323 1525 natique
1338 1469 1366 1508 a.
1380 1450 1437 1508 767
1461 1468 1608 1526 quaenam
1622 1450 1722 1522 fuerit,

394 1555 506 1613 diserte
527 1572 587 1611 non
603 1552 746 1623 traditur3
769 1553 821 1610 sed
836 1547 928 1610 fuis‘ae
943 1551 1104 1608 Aemiliam
1120 1550 1274 1626 Lepidam,
1296 1568 1384 1625 quam
1402 1561 1575 1626 proneptem
1590 1551 1722 1628 Augusti

396 1653 558 1714 Suetonius
579 1651 701 1728 (Claud.
719 1652 772 1728 26)
794 1651 936 1727 appellat,
959 1651 1071 1709 dudum
1093 1650 1275 1709 intellectum
1298 1659 1353 1709 est.
1388 1650 1466 1708 Nam
1482 1670 1548 1709 cum
1564 1654 1721 1728 Augustus

395 1755 531 1812 habuerit
555 1763 660 1829 neptes
681 1753 756 1810 duas
778 1758 893 1810 tunnam
915 1752 1021 1810 Iuliam
1044 1760 1075 1809 et
1098 1751 1308 1826 Agrippinam,
1337 1751 1495 1825 proneptes
1516 1759 1614 1810 antem
1637 1762 1721 1828 quat-

394 1861 471 1927 tuor,
493 1853 638 1929 Lepidam
660 1853 743 1910 illam
765 1871 804 1910 ex
825 1851 910 1923 Iulia,
933 1851 1131 1928 Agrippinam
1147 1850 1314 1908 Drusillam
1329 1849 1469 1909 Livillam
1490 1869 1529 1908 ex
1544 1853 1722 1929 Agrippina,

394 1956 501 2012 harum
526 1955 616 2012 trium
642 1953 755 2010 nullam
780 1953 810 2008 in
833 1950 1005 2012 Silanorum
1026 1951 1145 2010 domum
1168 1950 1325 2009 deductam
1347 1969 1415 2010 esse
1437 1959 1564 2010 constat
1608 1950 1722 2011 Contra

394 2054 526 2112 Aemilia
551 2053 667 2130 Lepida
692 2053 875 2129 desponsata
900 2059 969 2110 ante
995 2059 1072 2110 teste
1099 2049 1242 2110 Suetonio
1268 2051 1369 2127 nepoti
1394 2050 1499 2109 Liviae
1521 2051 1569 2110 Ti.
1593 2049 1720 2112 Claudio

394 2162 465 2212 nato
487 2174 514 2212 a.
531 2153 591 2211 744
618 2154 646 2210 ei
667 2153 718 2228 qui
739 2160 845 2227 postea
865 2153 1036 2228 imperavit,
1064 2170 1131 2209 curn
1156 2151 1183 2209 is
1205 2151 1232 2208 ei
1254 2161 1376 2228 propter
1396 2151 1529 2210 offensas
1551 2153 1721 2228 parentium

394 2255 460 2313 eiua
482 2254 627 2313 adversus
643 2256 811 2328 Augustum
832 2253 945 2328 optima
965 2253 1131 2310 illustratas
1153 2269 1173 2308 a
1192 2251 1361 2329 Borghesio
1383 2272 1411 2328 p.
1430 2251 1487 2310 187
1511 2261 1580 2310 ante
1602 2253 1720 2329 nuptiae

393 2355 531 2413 nuntium
557 2353 736 2424 remisisset,
764 2353 838 2412 nihil
867 2333 980 2423 obstat,
1003 2370 1063 2427 quo
1092 2352 1190 2410 minus
1220 2369 1291 2410 mox
1318 2353 1437 2426 nuptias
1459 2353 1563 2410 lecerit
1582 2371 1650 2412 eum
1673 2351 1725 2413 Si·¹

394 2455 463 2514 lano
490 2455 601 2529 aliquo.
645 2453 798 2512 Hactenus
823 2453 914 2530 igitur
935 2453 1036 2511 omnia
1057 2460 1137 2510 certo
1160 2452 1293 2510 stabilita
1314 2461 1384 2510 sunt
1405 2470 1501 2527 neque
1522 2452 1720 2512 dissensionis

393 2573 488 2614 causa
508 2554 578 2612 ulla

477 2653 518 2714 Ut
540 2655 635 2730 ipsius
656 2653 804 2712 Aemiliae
824 2652 959 2729 Lepidae
980 2653 1111 2730 Augusti
1132 2653 1287 2729 proneptis
1308 2659 1463 2712 anctorum
1484 2655 1536 2729 qni
1558 2663 1720 2732 supersunt

393 2773 469 2814 unus
493 2753 654 2814 Suetonius
679 2753 790 2812 diserte
812 2755 946 2814 meminit
956 2754 995 2830 ¹),
1016 2755 1060 2812 ita
1081 2754 1204 2812 maritus
1225 2751 1348 2813 Silanus
1370 2754 1489 2829 quinam
1512 2754 1612 2827 suerit,
1634 2755 1718 2815 solus

392 2856 555 2914 memoriae
576 2854 744 2931 prodidisse
759 2854 887 2925 ridetur,
909 2855 1043 2914 scribens
1065 2851 1187 2930 (Claud.
1204 2852 1257 2930 29)
1279 2852 1437 2912 Claudium
1458 2855 1535 2912 inter
1549 2855 1626 2914 alios
1642 2856 1719 2916 occi·

393 2957 474 3015 disse
488 2959 547 3032 Ap.
563 2954 697 3016 Silenum
721 2973 913 3014 consocerum
936 2973 1033 3014 suum.
1070 2952 1233 3014 Consoceri
1255 2955 1334 3013 enim
1356 2955 1383 3012 si
1404 2956 1525 3013 fuerunt
1540 2955 1611 3032 imp.
1627 2953 1718 3018 Clau-

393 3056 461 3114 dius
487 3063 518 3114 et
544 3058 602 3133 Ap.
626 3055 749 3117 Silanus
774 3073 835 3114 cos.
862 3075 889 3116 a.
912 3075 941 3112 u.
962 3073 987 3114 e.
1005 3053 1061 3114 781
1081 3079 1118 3104 =
1135 3073 1163 3129 p.
1187 3052 1256 3113 Chr.
1274 3054 1328 3128 28,
1356 3065 1388 3114 ut
1412 3055 1463 3114 ille
1485 3055 1647 3126 Octaviae,
1674 3057 1719 3116 ita

392 3157 442 3216 hic
465 3156 502 3214 L.
529 3153 626 3216 Silani
652 3166 738 3232 pater
763 3156 852 3214 suerit
877 3171 1000 3214 necesse
1026 3165 1087 3226 est;
1113 3154 1149 3213 L.
1177 3152 1314 3214 Silanum
1340 3163 1440 3214 autem
1468 3175 1536 3214 eum
1557 3157 1597 3215 M.
1621 3154 1718 3218 Silani

392 3257 525 3331 Augusti
544 3257 700 3331 abnepotis
722 3257 844 3314 fratrem
865 3254 997 3332 appellet
1010 3255 1134 3314 Tacitus
1152 3275 1219 3314 ann.
1239 3256 1330 3326 13,1,
1352 3273 1400 3314 ras
1422 3257 1522 3316 decisa
1542 3265 1589 3316 est
1603 3258 1718 3334 nupsit·

392 3374 452 3432 que
473 3356 603 3434 Augusti
630 3357 784 3432 proneptis
810 3365 882 3414 natu
909 3355 1042 3414 maxima
1063 3357 1122 3431 Ap.
1145 3353 1258 3416 Silano.
1302 3355 1341 3414 llt
1370 3357 1401 3413 in
1426 3357 1482 3414 hac
1508 3357 1626 3432 quidem
1653 3359 1717 3436 opi·

391 3457 481 3516 nione
506 3465 537 3515 et
562 3457 612 3514 alii
638 3456 756 3532 plurimi
778 3457 995 3533 adquieverunt
1019 3465 1050 3514 et
1076 3457 1142 3530 ipse
1163 3455 1363 3533 Borghesius‚
1392 3456 1499 3526 aerius,
1526 3475 1614 3534 quam
1642 3459 1718 3518 solet

391 3558 439 3616 vir
463 3565 496 3614 ut
516 3557 707 3616 doctissimus
728 3557 772 3614 ita
792 3557 983 3628 mitissimus,
1009 3557 1229 3634 reprehendens
1252 3557 1430 3616 Brotierinm
1452 3576 1507 3633 pro
1530 3559 1589 3635 Ap.
1612 3557 1716 3620 Silano

391 3676 454 3718 cos.
476 3677 503 3716 a
518 3677 548 3734 p.
564 3655 634 3717 Chr.
651 3656 689 3716 28
712 3656 940 3716 substituentem
955 3658 996 3716 M.
1011 3655 1148 3718 Silanum
1170 3676 1232 3716 eos.
1254 3677 1282 3716 a.
1297 3677 1327 3734 p.
1343 3656 1414 3718 Chr.
1433 3659 1480 3718 19.
1517 3659 1591 3717 Mihi
1607 3668 1715 3733 umen,

391 3767 546 3818 utrarum
573 3757 681 3826 fatear,
707 3756 775 3814 sola
796 3757 984 3818 Brotieriana
1007 3758 1111 3835 opinio
1134 3759 1288 3834 probatur,
1314 3759 1438 3834 eiusque
1459 3778 1544 3818 meae
1565 3760 1716 3836 opinionis

390 3867 565 3936 argumenta
586 3859 645 3916 iarn
667 3857 835 3916 declarabo.

475 3959 502 4018 1.
545 3959 603 4034 Ap.
625 3955 761 4018 Silanum
788 3977 854 4017 curn
875 3977 1068 4019 consocerum
1091 3957 1208 4018 Claudii
1229 3959 1419 4036 imperatoris
1442 3957 1604 4019 Suetonius
1626 3961 1714 4036 dicat,

389 4078 407 4120 e
427 4061 578 4118 contrario
593 4059 776 4136 Apotheosis
790 4066 904 4131 auctor,
924 4059 987 4119 sive
1003 4058 1118 4120 Seneca
1131 4059 1157 4118 is
1170 4059 1227 4117 fuit
1242 4060 1306 4118 sive
1320 4061 1454 4136 aequalis
1469 4061 1556 4131 alius,
1577 4079 1645 4120 eum
1659 4064 1714 4121 im·

389 4161 537 4238 peratoris
552 4179 688 4218 socerum
704 4159 835 4236 appellat
854 4161 895 4236 (c.
911 4162 973 4235 11),
992 4167 1023 4219 et
1041 4168 1119 4218 recte
1135 4159 1266 4232 omnino,
1286 4162 1344 4218 etsi
1360 4161 1435 4219 satis
1449 4161 1607 4220 invidiose.
1634 4161 1715 4221 Nam

390 4261 494 4319 uxoris
515 4259 635 4319 Claudii
650 4259 790 4318 Valeriae
811 4259 993 4318 Messalinae
1014 4269 1138 4319 matrem
1157 4259 1322 4320 Domitiam
1337 4259 1483 4336 Lepidam
1505 4271 1625 4320 anctore
1645 4262 1714 4337 ipso

390 4359 520 4420 Claudio
541 4380 567 4419 c.
583 4379 609 4418 a.
624 4362 661 4418 41
686 4359 825 4436 nupsisse
840 4361 899 4437 Ap.
915 4357 1018 4419 Silano
1031 4359 1093 4419 Dio
1115 4359 1179 4436 (60,
1198 4361 1250 4436 14)
1271 4360 1362 4419 refert
1381 4362 1483 4437 itaque
1505 4363 1543 4420 ab
1565 4361 1715 4421 eiusmodi

389 4461 535 4536 scriptore
556 4460 677 4518 omnino
697 4479 782 4518 socer
803 4459 860 4518 diei
881 4459 986 4536 potuit,
1008 4461 1059 4535 qui
1081 4479 1150 4520 vere
1171 4479 1229 4518 non
1251 4468 1336 4537 pater
1357 4469 1436 4520 esset
1458 4463 1573 4534 uxoris,
1596 4462 1650 4522 sed
1671 4463 1715 4522 vi·

389 4560 493 4618 meus.
533 4559 641 4635 Neque
663 4559 693 4617 id
715 4559 899 4638 Borghesins
920 4579 980 4618 non
1001 4560 1163 4632 intellexit3
1185 4561 1238 4620 sed
1260 4571 1418 4636 utrumque
1439 4562 1561 4620 admisit
1581 4563 1714 4640 Appium

389 4669 420 4720 et
440 4678 576 4718 socerum
598 4667 629 4717 et
649 4678 844 4720 consocerum
865 4661 1054 4736 imperatoris
1075 4661 1179 4734 fuisse,
1201 4663 1301 4720 minus
1323 4671 1411 4720 recte.
1448 4660 1527 4719 Nam
1550 4681 1616 4721 eum
1634 4671 1713 4723 utra-

465 4903 489 4967 l)
522 4903 634 4954 Aemilia
652 4905 752 4968 Lepida
770 4921 835 4970 qnae
852 4907 940 4970 nupsit
957 4907 1044 4957 Druso
1063 4906 1211 4958 Germanici
1229 4907 1284 4957 tillo
1303 4907 1422 4972 diemque
1440 4907 1504 4957 obiit
1523 4922 1547 4957 a.
1560 4923 1585 4972 p.
1600 4907 1661 4960 Chr.
1676 4904 1711 4961 36

389 4998 496 5048 omnino
514 4997 615 5046 diversa
633 5003 684 5057 est;
708 4995 783 5045 huius
802 4997 870 5046 enim
889 5005 963 5062 pater
979 4999 1099 5062 proxime
1116 5007 1176 5048 ante
1195 4999 1276 5063 ipsam
1295 4998 1430 5048 defunctos
1449 5005 1487 5048 est
1512 4997 1587 5060 (Tac.
1607 5013 1667 5050 ann.
1685 4999 1709 5062 6,

389 5085 449 5149 40),
472 5103 530 5138 cum
549 5085 663 5150 Lepidae
682 5087 794 5149 Augusti
817 5090 951 5154 proneptis
973 5095 1072 5154 patrem
1091 5089 1185 5140 obiisse
1204 5097 1263 5140 ante
1282 5090 1367 5155 ipsum
1386 5091 1531 5154 Augustum
1550 5096 1608 5140 sota
1626 5091 1712 5142 Arra·

388 5177 450 5226 lium
469 5179 529 5228 anni
542 5193 568 5242 p.
582 5176 643 5227 Chr.
659 5177 693 5228 14
712 5176 895 5229 demonstrent.
