3858 5960
401 627 472 699 116
921 638 1204 692 umsmmouu

397 812 446 876 did
466 807 535 880 βίον
557 812 593 874 0.
615 814 639 872 Ι.
660 813 772 872 4380e.
785 815 814 888 s.
833 831 862 887 p.
877 811 946 888 l¹).
990 809 1079 885 Quod
1105 811 1131 869 si
1159 809 1238 868 hauc
1264 807 1349 866 vocis
1376 809 1436 867 vim
1463 810 1554 867 etium
1579 811 1611 867 iu
1636 809 1724 866 titulo

397 919 498 976 Attico
519 915 600 991 apud
621 913 765 972 Russium
787 930 853 972 esse
875 913 1049 982 statuimus,
1074 911 1160 969 uulla
1180 919 1354 982 causaest,
1380 927 1521 969 curcum
1542 908 1724 968 Neubsueru

397 1017 572 1096 psephisma
592 1015 668 1073 illud
689 1014 728 1071 ad
747 1011 882 1072 Neronis
904 1021 1039 1088 tempora
1059 1011 1232 1069 referamus.

480 1115 541 1178 Sed
556 1125 656 1174 tamen
669 1115 756 1174 cuius
770 1113 914 1190 temporis
929 1113 978 1184 sit,
999 1112 1120 1170 dubium
1135 1119 1191 1169 est.
1225 1107 1295 1183 Qua
1308 1110 1341 1169 iu
1354 1129 1387 1169 re
1401 1111 1592 1170 diiudicanda
1605 1111 1725 1170 Keilius

397 1219 559 1296 plurimum
581 1215 684 1274 tribuit
705 1215 828 1272 vocibus
850 1215 902 1270 rod
915 1205 1076 1276 Σεβαστοῦ
1089 1202 1232 1293 Kaio-opos
1253 1229 1330 1288 quae
1351 1211 1383 1270 iu
1403 1213 1500 1306 primo
1514 1229 1605 1270 versu
1620 1213 1724 1288 legun·

397 1329 456 1391 tur,
476 1327 568 1393 atque
582 1316 701 1374 efficere
715 1323 841 1374 conatus
855 1321 912 1386 est,
927 1332 964 1372 eu
977 1331 1038 1371 nou
1052 1311 1090 1369 ad
1106 1310 1265 1372 Claudium
1280 1311 1384 1371 referri
1399 1329 1491 1389 posse
1505 1311 1589 1388 (uum
1604 1321 1725 1390 propter

397 1435 527 1497 sequeus
543 1421 563 1474 l<
580 1418 606 1475 is
622 1423 768 1488 uuusest,
790 1415 903 1490 dequo
918 1413 1044 1492 cogitari
1058 1412 1180 1490 possit),
1199 1412 1253 1470 sed
1268 1411 1307 1470 ud
1321 1431 1412 1472 uuum
1427 1415 1605 1489 Augustum.
1639 1411 1725 1486 Quae
1844 1408 1851 1428 ‘

396 1519 538 1596 exempla
558 1517 667 1586 attulit,
689 1535 728 1574 ex
750 1516 794 1575 eis
815 1513 931 1573 nullum
953 1507 967 1570 ὃ
989 1504 1145 1576 Eetionis
1166 1515 1278 1595 Kairup
1298 1513 1403 1580 hebet3
1428 1513 1549 1571 omniuo
1570 1514 1608 1572 ab
1629 1515 1724 1572 omui·

396 1622 453 1680 bus
475 1618 619 1676 articulus
639 1618 725 1676 abest
746 1625 865 1692 praeter
887 1613 962 1674 c.1.
981 1613 1062 1672 3569
1084 1610 1097 1669 ὅ
1120 1605 1278 1677 {eductis
1298 1607 1371 1673 δεδι
1387 1614 1510 1697 Καῖσαρ,
1532 1614 1581 1672 ubi
1602 1627 1725 1692 propter

397 1719 618 1780 substantivum
639 1709 713 1776 Seio
739 1735 806 1774 eum
833 1715 967 1772 additum
993 1714 1115 1772 dixeris.
1158 1711 1206 1772 Ne
1231 1729 1288 1790 ego
1313 1713 1435 1789 quidem
1455 1714 1486 1773 iu
1508 1715 1604 1798 titulis
1624 1715 1724 1774 iuveni

396 1821 456 1880 uisi
483 1837 575 1877 uuum
597 1816 768 1893 exemplum
791 1813 827 1875 O.
841 1815 867 1873 1.
887 1813 991 1874 39520
1012 1805 1156 1895 llm'mpoc
1176 1814 1228 1873 τοῦ
1249 1804 1425 1882 Σεβαστοῦ,
1452 1816 1534 1891 quod
1555 1825 1654 1874 umen
1675 1835 1724 1874 or·

396 1921 466 1980 dine
487 1918 645 1978 verborum
666 1917 774 1976 differt.
811 1915 895 1974 luter
915 1915 1077 1992 scriptores
1096 1933 1168 1974 vero
1183 1911 1292 1974 Strabo
1314 1911 1375 1974 uou
1396 1914 1486 1974 modo
1501 1917 1611 1998 licie-ap
1633 1911 1647 1973 ὅ
1667 1915 1723 1976 Σι-

395 2013 512 2088 βαστός
531 2019 623 2078 habet
643 2018 686 2094 (p.
703 2017 764 2076 840
786 2014 888 2092 Cas),
910 2015 964 2074 sed
986 2016 1092 2086 etiam,
1114 2021 1148 2072 ut
1169 2015 1200 2073 iu
1221 2023 1325 2074 uostro
1347 2015 1434 2073 titulo
1454 2023 1511 2087 est,
1532 2008 1723 2082 ὅ-Σιβαπὸς

395 2122 508 2203 Καῒιαρ
530 2119 576 2196 (p.
590 2118 666 2194 287)
687 2124 718 2176 et
738 2119 780 2192 τῷ
798 2107 949 2191 Σεβαστῷ
969 2107 1089 2198 Καίσαρι
1112 2113 1156 2190 (p.
1172 2113 1257 2192 288).
1293 2113 1371 2175 Cum
1390 2115 1438 2174 his
1460 2117 1608 2192 exemplis
1628 2117 1724 2177 Keilii

396 2221 567 2282 observatio
593 2219 630 2276 de
651 2217 783 2296 Augusti
809 2216 928 2275 nomine
956 2216 1046 2274 etiam
1071 2215 1271 2288 confirmetur,
1299 2216 1344 2274 eis
1365 2229 1442 2292 quse
1463 2215 1501 2275 de
1521 2215 1650 2277 Claudio
1670 2237 1723 2277 ex·

395 2321 492 2400 ponit,
512 2339 580 2378 eum
602 2338 664 2378 uou
683 2317 773 2376 modo
794 2317 884 2394 pleno
905 2317 1025 2375 nomine
1044 2306 1177 2400 ’Τιβέριος
1199 2309 1341 2377 llkm'drue
1360 2318 1472 2400 Kairup
1486 2308 1643 2383 Σεβαπός
1655 2323 1723 2402 Γερ-

395 2411 512 2492 μανικέι
537 2419 710 2496 significari,
732 2417 786 2478 sed
808 2417 898 2476 etiam
918 2417 1058 2490 breviora
1076 2419 1132 2473 Κλ.
1153 2421 1241 2474 lim.
1261 2420 1356 2499 repa,
1376 2420 1430 2474 Κλ
1453 2419 1538 2476 llaec.
1559 2410 1647 2485 isli,
1667 2423 1722 2476 lv..

394 2525 484 2580 Kato.
504 2512 582 2584 Σεβ.
602 2524 685 2602 Papo.
711 2519 856 2590 inveniri,
882 2535 1030 2594 nusquam
1057 2513 1071 2574 ὅ
1092 2509 1251 2582 Σεβαπδς
1271 2519 1383 2601 Kaio-up
1405 2509 1563 2586 Κλαύδιος,
1588 2537 1648 2577 non
1669 2521 1723 2601 ha·

394 2623 453 2684 beo
478 2621 559 2698 quod
587 2619 705 2678 uddsm.
749 2617 851 2692 Quare
875 2636 912 2676 eo
933 2617 1060 2690 inclino,
1088 2627 1121 2676 ut
1141 2617 1236 2676 Keilii
1257 2619 1436 2678 seutentiam
1457 2627 1536 2678 recte
1557 2627 1591 2678 se
1612 2620 1723 2680 habere

394 2723 532 2783 iudicem.
576 2718 635 2782 Sed
662 2739 772 2798 negare
799 2737 859 2778 uon
883 2737 1025 2796 possum,
1053 2735 1156 2776 verum
1183 2735 1252 2778 esse
1278 2711 1309 2776 id
1337 2719 1417 2795 quod
1438 2719 1497 2778 Th.
1519 2721 1723 2780 Mommseuus

394 2823 468 2883 mihi
489 2821 610 2892 obiecit,
636 2819 750 2880 scilicet
770 2838 809 2878 ex
830 2819 897 2895 ipso
919 2818 1046 2878 articulo
1067 2819 1169 2877 addito
1191 2831 1352 2896 apparere,
1374 2819 1483 2879 iustum
1505 2838 1541 2880 ao
1561 2821 1722 2898 legitimum

394 2923 525 2984 nominis
549 2922 697 2980 rationem
723 2921 890 2997 neglectam
916 2936 998 2992 csse;
1024 2936 1117 2996 quare
1144 2919 1219 2978 uihil
1245 2920 1366 2978 obstare
1387 2921 1546 2997 quominus
1566 2941 1603 2981 ea
1623 2923 1723 3000 negle-

395 3024 497 3103 gentia
517 3023 607 3081 etism
627 3023 659 3080 iu
681 3019 809 3080 Claudio
829 3021 930 3079 locum
951 3019 1090 3080 habuerit
1111 3021 1154 3079 its
1175 3029 1209 3078 ut
1229 3021 1256 3080 is
1278 3013 1292 3077 ι’
1314 3012 1470 3084 {eilande
1491 3021 1603 3105 Καῖσαρ
1624 3012 1722 3080 Κλαύ-

395 3117 456 3184 διοι
474 3122 632 3182 (liceretur.
676 3121 792 3180 Tamen
813 3123 986 3196 Augustum
1010 3121 1053 3178 itu
1073 3140 1107 3179 re
1129 3137 1201 3180 vers
1222 3129 1359 3179 vocatum
1382 3139 1442 3181 cccc
1463 3124 1609 3200 exemplis
1630 3141 1724 3200 supra

395 3223 496 3282 allatis
517 3221 670 3298 probatur,
697 3240 764 3280 oum
786 3219 824 3280 de
845 3217 975 3280 Claudio
995 3219 1028 3278 id
1049 3211 1146 3279 solum
1169 3219 1267 3280 dicere
1289 3221 1392 3294 liceat,
1413 3221 1482 3298 fleri
1497 3241 1597 3298 posce,
1627 3235 1659 3283 ut
1679 3225 1723 3284 ita

395 3329 521 3382 vocatus
543 3321 592 3380 sit.

476 3421 572 3481 Aliud
592 3399 745 3498 temporis
757 3422 899 3482 indicium
919 3423 998 3481 inest
1018 3421 1050 3479 in
1069 3422 1223 3480 vocabulis
1246 3419 1308 3480 v.2
1329 3410 1377 3478 nol
1398 3411 1471 3504 lupia
1484 3413 1627 3505 Δροῦσο[υ
1648 3414 1723 3482 riud-

393 3519 509 3601 reu]¹).
545 3521 635 3596 Quod
656 3522 853 3580 sacerdotium
874 3523 906 3582 iu
926 3522 1128 3600 compluribus
1142 3521 1237 3580 titulis
1252 3521 1363 3581 Atticis
1379 3533 1637 3585 commemoratur.
1672 3523 1723 3582 Ex

393 3623 448 3693 iis,
474 3639 553 3698 quse
580 3621 617 3678 de
642 3639 679 3680 eo
707 3621 905 3698 scripserunt,
932 3623 1082 3700 plerique,
1109 3621 1283 3682 Bocchhius
1305 3620 1381 3682 c.1.
1399 3623 1468 3681 181.
1494 3624 1590 3683 Meier
1614 3642 1721 3683 comm.

393 3722 489 3800 epigr.
510 3740 540 3797 p.
557 3720 596 3780 88
618 3720 724 3796 (iudex
744 3721 921 3781 archontum
943 3740 967 3780 s.
990 3743 1018 3782 v.
1040 3712 1254 3804 Μιθριδάτης),
1275 3731 1306 3780 et
1327 3741 1394 3781 cum
1416 3724 1519 3800 aliqua
1538 3725 1722 3784 dubitatione

392 3821 578 3896 Hertzberg,
605 3819 715 3881 Geseh.
745 3819 914 3882 Grieoheul.
941 3841 971 3881 u.
998 3823 1027 3880 d
1055 3822 1187 3882 Rdmeru
1208 3823 1240 3880 11
1265 3841 1295 3899 p.
1313 3821 1387 3893 161,
1416 3823 1551 3883 Drusum
1577 3829 1721 3897 sudores,

394 3921 508 3982 Tiberii
523 3919 665 3981 (laesuris
685 3922 781 3982 filium
803 3923 965 4000 significari
985 3931 1101 3999 putuut.
1138 3921 1199 3984 Sed
1220 3943 1258 3982 ue
1279 3939 1357 3982 unus
1378 3925 1499 4000 quidem
1515 3927 1613 3985 exeis
1628 3926 1721 3984 ullum

392 4025 483 4082 huius
510 4023 675 4082 sententiae
701 4031 906 4100 argumentum
932 4024 1042 4082 attulit.
1085 4023 1205 4082 Kellios
1226 4024 1247 4082 l.
1268 4023 1288 4082 l.
1312 4043 1341 4100 p.
1357 4023 1396 4084 66
1418 4043 1481 4083 rem
1502 4025 1534 4084 iu
1554 4024 1653 4084 medio
1675 4045 1733 4108 re·¹

393 4123 511 4200 linquit,
532 4121 587 4181 sed
608 4123 652 4180 ita
672 4132 706 4182 ut
726 4125 764 4183 de
777 4123 881 4183 Druso
902 4124 1015 4182 maiore
1036 4125 1168 4200 cogitare
1189 4125 1283 4183 malit.
1320 4121 1381 4185 Sed
1401 4143 1460 4184 uon
1477 4133 1538 4184 tam
1554 4125 1722 4186 dubitanter

393 4224 511 4284 locutus
537 4231 632 4296 esset,
659 4223 716 4282 uisi
741 4225 852 4283 oblitus
873 4233 967 4296 esset,
995 4241 1063 4282 cum
1086 4243 1123 4282 oa
1143 4225 1306 4298 sententia,
1333 4242 1422 4302 quam
1444 4226 1510 4302 ipse.
1530 4225 1568 4285 de
1588 4235 1722 4304 tempore

394 4324 506 4384 decreti
526 4323 608 4381 illius
626 4323 721 4382 Attici
742 4326 909 4404 proposuit,
930 4324 1053 4384 omniuo
1073 4325 1224 4386 conciliari
1247 4343 1307 4385 nou
1328 4343 1419 4404 posse
1440 4345 1544 4386 eorum
1565 4328 1721 4400 rationem,

471 4607 495 4670 ¹)
522 4609 608 4660 Possit
624 4626 687 4664 ssue
705 4614 798 4678 aliquis
816 4609 859 4665 hic
876 4601 971 4683 apulsus
990 4615 1024 4665 ad
1036 4603 1080 4664 sel
1092 4609 1151 4682 βίοι
1163 4615 1267 4679 κίστη,
1287 4617 1324 4667 its
1336 4623 1365 4667 ut
1376 4617 1543 4682 significetur,
1563 4618 1607 4682 qui
1620 4619 1717 4682 primus

394 4705 552 4764 perpetuu
564 4703 732 4765 agonothesis
743 4705 845 4755 iunctus
857 4707 899 4757 sit.
922 4705 999 4768 Quod
1012 4721 1043 4756 eo
1056 4708 1138 4772 magis
1150 4708 1259 4772 plscest,
1273 4707 1342 4774 quud
1355 4708 1539 4772 impuratomm
1549 4715 1633 4758 astate
1641 4709 1719 4758 stium

394 4791 448 4839 ullu
465 4805 572 4842 munere
589 4792 617 4841 iu
635 4793 780 4844 civitatibus
794 4793 901 4845 Grseols
919 4811 952 4845 ex
971 4797 1063 4846 suuuis
1080 4805 1206 4864 perpetum
1224 4800 1293 4849 fucta
1311 4812 1367 4848 esse
1386 4804 1494 4858 constet,
1514 4799 1593 4848 veluti
1610 4799 1721 4850 Atheuis

394 4896 486 4930 munus
504 4882 671 4946 paedotribae
689 4883 847 4948 epheborum
860 4886 967 4936 Traiani
986 4895 1031 4936 aut
1042 4889 1169 4938 Hadriani
1188 4897 1280 4950 aetate,
1299 4889 1399 4952 scribae
1416 4888 1494 4953 paulo
1513 4897 1571 4952 post
1590 4889 1633 4951 (oi.
1651 4905 1721 4939 cum·

393 4973 579 5022 meututiouem
603 4987 685 5024 meam
709 4973 742 5023 de
763 4975 869 5038 ephebis
887 4977 983 5026 Atticis
1000 4993 1026 5040 p.
1040 4976 1095 5037 38).
1132 4979 1186 5032 Sed
1205 4961 1258 5029 tum
1277 4979 1415 5030 dicendum
1434 4985 1490 5030 erat
1507 4979 1610 5030 inverso
1629 4980 1720 5030 ordine

395 5047 438 5108 tw*
457 5053 516 5122 βῖου
533 5050 637 5130 κρότου,
657 5063 726 5129 quod
744 5065 772 5114 in
792 5065 866 5116 titulo
885 5067 997 5132 quodam
1015 5068 1100 5131 legere
1118 5083 1160 5120 ms
1178 5071 1292 5122 memini.

471 5148 496 5212 ²)
524 5153 568 5206 Slc
592 5155 659 5204 euim
684 5154 855 5219 supplendum
874 5170 929 5206 esse
947 5165 1055 5220 apparet
1072 5171 1105 5209 ex
1124 5162 1216 5212 ceteris
1234 5161 1328 5222 titulis,
1353 5161 1380 5212 iu
1399 5161 1491 5226 quibus
1510 5161 1565 5212 eius
1583 5159 1720 5212 sacerdotii

394 5242 491 5292 mentio
510 5243 550 5306 lit;
571 5260 678 5309 quorum
698 5245 782 5296 nullus
800 5261 862 5298 voce
880 5235 972 5296 incisos
991 5255 1068 5298 curet.
