3826 5962
263 1583 688 1699 4411441414
727 1585 1193 1706 CONSVLARIBVS
1232 1594 1498 1711 Anulus
1580 1689 1584 1698 ,

521 1923 523 1926 W
637 1757 1122 1874 turnulnoauu.

780 2023 983 2040 *ιι-ι--η

301 2232 350 2292 De
370 2241 485 2293 mutata
504 2237 678 2296 consulatus
693 2235 822 2297 Romani
843 2239 959 2298 ratione
980 2247 1140 2317 postquam
1162 2247 1229 2298 octo
1244 2242 1307 2300 fere
1327 2243 1435 2305 abhinc
1449 2267 1544 2311 annos

217 2333 379 2410 disputarit
404 2333 619 2396 Brambacbius
645 2336 785 2415 (Bonnae
807 2337 917 2416 1864),
943 2341 1025 2398 haud
1051 2358 1147 2417 panca
1173 2351 1365 2402 monumenta
1389 2346 1421 2406 in
1449 2349 1544 2412 lucem

216 2434 403 2512 prodierunt,
430 2437 539 2512 quibus
565 2457 602 2496 ea
627 2457 705 2515 quae
730 2439 783 2499 ille
808 2459 843 2498 eo
864 2449 999 2518 tempore
1020 2441 1173 2517 exposuit,
1200 2460 1310 2520 magna
1331 2464 1369 2502 ex
1391 2457 1476 2521 parte
1497 2454 1544 2511 vel

216 2537 380 2596 refutentur
401 2537 449 2595 rel
477 2537 671 2614 corrigantur.
714 2539 794 2622 Nam
821 2540 847 2598 si
874 2541 1030 2618 exceperis
1051 2541 1236 2618 principatus
1259 2541 1307 2599 Ti.
1329 2541 1470 2606 Caesaris
1492 2550 1544 2626 (cl'.

216 2636 278 2696 Dio
301 2639 356 2710 58,
372 2638 442 2714 20),
471 2637 557 2710 Gaii,
578 2637 713 2712 Claudii,
742 2640 839 2717 primo
864 2661 894 2718 p.
914 2639 985 2700 Chr.
1008 2641 1127 2700 saeculo
1149 2641 1219 2702 fasti
1241 2643 1413 2705 consulares
1435 2667 1546 2726 nequa-

217 2756 307 2814 quam
328 2739 448 2798 luerunt
468 2740 594 2812 turbati,
622 2749 654 2800 ut
675 2742 718 2800 ait
737 2741 956 2801 Brambachius
979 2742 1020 2816 (p.
1038 2741 1085 2818 5),
1111 2759 1166 2798 nec
1187 2749 1266 2799 recte
1288 2752 1378 2821 negat
1399 2754 1461 2806 tum
1485 2751 1546 2810 ulla

216 2839 284 2917 lege
305 2840 514 2898 consulatuum
535 2849 671 2918 tempora
693 2842 917 2918 circumscripta
937 2841 981 2918 (p.
1000 2841 1052 2916 11)
1079 2848 1132 2900 aut
1152 2849 1221 2899 ante
1243 2841 1367 2902 Traiani
1387 2846 1544 2926 imperium

217 2939 375 3015 quicquam
397 2958 432 3000 eo
453 2941 574 3000 nomine
595 2949 737 3002 statutum
759 2950 789 3002 et
809 2951 951 3001 constans
972 2941 1068 3000 fuisse
1091 2940 1134 3018 (p.
1149 2939 1210 3017 16).
1253 2925 1415 3006 Praeterea
1436 2958 1546 3012 temere

218 3040 304 3117 ponit
317 3039 477 3102 aTraiauo
492 3041 673 3118 imperatore
687 3042 840 3102 institutos
855 3059 923 3102 esse
937 3041 1109 3100 consulatus
1124 3041 1292 3116 bimestres,
1307 3063 1383 3122 quos
1395 3051 1547 3110 contendit

218 3159 274 3198 nec
289 3147 357 3199 ante
371 3161 439 3200 cum
452 3161 584 3220 uuquam
600 3143 694 3202 luisse
716 3142 758 3220 (p.
774 3143 826 3220 19)
847 3151 878 3202 et
898 3151 968 3220 post
982 3161 1048 3200 eum
1063 3143 1106 3200 ita
1119 3142 1286 3216 duravisse,
1307 3155 1341 3204 ut
1355 3149 1465 3208 turbati
1480 3153 1545 3228 qui-

99 3219 107 3230 ·
218 3239 285 3299 dem
307 3261 325 3300 a
346 3239 512 3302 Commodo
534 3242 588 3319 (cf.
610 3243 671 3301 Dio
690 3241 826 3319 72,12),
847 3243 976 3302 restituti
998 3249 1097 3301 tamen
1118 3243 1156 3302 ab
1178 3243 1355 3306 Alexandro
1377 3247 1546 3328 (Lamprid.

217 3343 270 3401 vit.
286 3341 340 3419 43)
362 3345 510 3420 proximis
532 3351 611 3402 certe
633 3345 671 3402 ab
693 3343 749 3402 hcc
772 3343 954 3420 temporibus
977 3343 1141 3401 manserint
1162 3343 1206 3420 (p.
1220 3344 1374 3423 l'lseqq.).
1419 3349 1466 3410 De
1481 3353 1547 3427 qui.

216 3443 273 3502 bus
295 3441 384 3504 rebus
405 3445 514 3504 melius
528 3445 701 3515 iudicasset,
724 3445 749 3502 si
766 3443 932 3502 accuratius
947 3444 1162 3520 perlustrasset
1176 3445 1289 3520 scripta
1304 3445 1473 3524 Borghesii,
1494 3455 1548 3528 qui

217 3543 254 3601 de
280 3543 433 3621 plerisque
460 3565 562 3605 verum
588 3545 647 3603 iam
670 3544 785 3604 viderat
809 3551 840 3603 et
863 3561 1044 3621 quamquam
1070 3543 1107 3602 de
1133 3545 1274 3604 universa
1299 3549 1474 3608 consulatus
1500 3571 1548 3609 ra·

218 3642 298 3702 tione
317 3661 470 3720 uunquam
492 3646 563 3723 egit,
584 3644 720 3722 pluribus
741 3651 841 3704 tamen
862 3644 938 3704 locis
959 3645 1031 3721 quid
1053 3643 1090 3702 de
1111 3646 1325 3707 mutationibus
1344 3650 1408 3708 eius
1423 3653 1550 3712 sentiret

219 3742 382 3802 declaravit
391 3743 430 3820 ¹).
472 3745 514 3803 Et
538 3745 644 3822 primis
671 3744 790 3822 quidem
816 3745 934 3822 imperii
962 3744 1144 3821 temporibus
1167 3755 1246 3806 recte
1267 3747 1385 3808 videtur
1407 3754 1549 3812 statuisse

218 3840 421 3919 Borghesius,
448 3845 475 3902 si
501 3845 553 3920 qui
579 3845 768 3905 inveniantur
791 3845 930 3905 consules
957 3864 1011 3922 per
1036 3851 1116 3902 totos
1142 3863 1237 3904 anuos
1258 3849 1434 3922 magistratu
1455 3851 1549 3910 functi

218 3951 289 4020 post
313 3951 474 4004 semestres
500 3945 675 4005 consulatus
701 3945 797 4006 iactos
825 3945 874 4022 (in
901 3962 991 4004 senos
1018 3952 1116 4003 autem
1140 3961 1258 4004 menses
1279 3947 1317 4004 ab
1338 3967 1417 4006 anno
1440 3950 1548 4010 saltem

219 4042 238 4101 2
260 4063 289 4120 p.
305 4041 377 4103 cur.
398 4044 497 4103 fasces
519 4045 606 4104 datos
628 4063 694 4105 esse
715 4047 787 4106 lasti
809 4043 922 4105 Gabini
942 4045 1105 4103 ostendunt
1126 4043 1185 4102 rol.
1200 4045 1226 4103 I.
1247 4063 1276 4122 p.
1292 4045 1363 4116 473,
1378 4045 1472 4122 XII),
1495 4067 1548 4108 eos

218 4143 374 4220 parentela
394 4144 497 4221 aliqua
517 4164 584 4205 cnm
605 4145 694 4204 domo
716 4149 856 4224 Augusta
875 4145 1051 4204 coniunctos
1071 4141 1181 4216 luisse,
1206 4143 1237 4202 id
1258 4145 1337 4220 quod
1359 4145 1396 4206 de
1418 4147 1550 4207 consuli·

218 4245 276 4303 bus
291 4263 437 4304 annorum
449 4245 477 4305 6.
490 4247 518 4305 7.
534 4246 581 4306 12.
596 4247 643 4306 14.
658 4247 695 4307 15
711 4245 927 4306 demonstravit
940 4247 971 4304 in
986 4243 1172 4320 ephemeride
1187 4243 1315 4302 instituti
1330 4245 1550 4324 archaeologici

220 4343 299 4406 1845
321 4363 352 4421 p.
368 4345 435 4404 152.
472 4346 558 4406 Idem
578 4346 736 4407 dicendum
758 4355 805 4406 est
826 4346 863 4406 de
880 4347 920 4406 M.
938 4344 1042 4406 Silano
1064 4344 1189 4404 consule
1210 4343 1300 4418 419,
1323 4347 1430 4406 marito
1445 4348 1548 4407 Aemi·

83 4475 101 4504 .
216 4445 276 4504 1144
294 4443 429 4524 Lepidae
455 4449 611 4524 proneptis
634 4445 775 4507 Caesaris
797 4447 925 4524 Augusti
948 4445 999 4522 (cf.
1022 4463 1113 4522 supra
1133 4464 1163 4522 p.
1180 4441 1249 4522 62);
1276 4445 1313 4504 (14
1335 4445 1391 4506 Cn.
1413 4446 1549 4510 Domitio

218 4547 422 4606 Ahenobarbo
449 4549 557 4606 marito
578 4546 765 4624 Agrippinae
787 4546 961 4607 Germanici
986 4545 1312 4606 5114444444144.32
1339 4547 1391 4624 (cf.
1415 4548 1476 4608 Dio
1499 4549 1549 4622 58,

219 4643 273 4704 204
294 4647 350 4706 τῶν
372 4640 401 4704 δ’
424 4635 472 4706 οὖν
493 4639 609 4706 ὑπάτων
631 4643 645 4704 o‘
665 4635 714 4717 plu
735 4638 863 4718 Δομίτιος
884 4641 924 4704 δι’
945 4637 1025 4707 ἔτους
1045 4633 1124 4729 ἦρξε,
1144 4647 1194 4716 τῆς
1216 4639 1273 4729 γὰρ
1292 4642 1480 4730 Ἀγριππίνης
1499 4652 1551 4722 τῆς

218 4746 270 4801 τοῦ
289 4747 461 4828 Γερμανικοῦ
481 4741 634 4832 θυγατρὸς
654 4738 721 4830 ἀνὴρ
742 4735 774 4818 ἦν
795 4747 890 4824 κτλ.);
913 4745 950 4805 de
971 4745 1085 4806 Fausto
1105 4743 1247 4807 Cornelio
1270 4746 1357 4809 Sulla
1378 4749 1480 4808 Felice
1501 4767 1550 4826 ge·

219 4862 292 4904 nero
308 4842 428 4906 Claudii
449 4847 572 4909 consule
593 4867 620 4908 a.
637 4847 686 4919 52,
709 4847 752 4907 ita
772 4855 805 4906 ut
825 4845 1040 4923 imperantibus
1063 4847 1152 4906 etiam
1168 4846 1301 4920 Tiberio,
1317 4846 1406 4921 Gaio,
1422 4847 1549 4908 Claudio

220 5017 424 5028 ι*-

297 5145 320 5209 ι)
349 5145 488 5212 Borghesii
514 5149 546 5199 de
571 5149 755 5200 mutationibus
779 5147 927 5200 consulatus
952 5151 1092 5200 sententias
1116 5149 1253 5215 diligenter
1276 5147 1426 5215 compiluit
1447 5149 1550 5201 Natalis

220 5233 265 5283 des
283 5237 395 5300 Vergsrs
414 5239 485 5289 essai
502 5255 546 5288 aur
566 5237 642 5290 Marc
661 5236 763 5301 Anrile,
783 5239 891 5290 Parisiis
913 5241 983 5290 1860
1002 5257 1027 5304 p.
1041 5241 1085 5301 34,
1100 5241 1125 5289 2.

1284 5327 1345 5385 13·
