3750 5990
615 627 912 680 ossusvnmouss
933 627 1050 680 neren.
1068 630 1129 680 xv.
1462 614 1534 687 287

209 788 326 854 Λεύκιος
347 797 396 873 (51.
421 797 633 874 Dittenberger
653 798 673 856 l.
696 817 722 856 c.
744 819 773 876 p.
796 799 872 874 310)
893 799 1005 857 laetum
1026 817 1086 858 non
1107 817 1147 858 ex
1166 798 1272 870 Lucio,
1295 800 1348 859 sed
1369 821 1408 861 ex
1422 803 1536 864 Larcio

209 899 257 958 vel
282 897 403 958 Levcio.
446 900 544 976 Magis
571 900 662 976 igitur
689 900 759 958 inde
786 899 962 977 colligemus
989 899 1150 988 Romanos·
1166 901 1377 977 antiquissimo
1403 913 1539 982 tempore

209 1000 422 1076 pronuntiasse
444 999 634 1076 Mo(lr)arcas
659 1001 788 1078 indeque
815 1000 926 1059 factum
955 1018 1023 1060 esse
1045 1001 1176 1073 Marcus,
1199 1015 1233 1060 ut
1257 1021 1296 1061 ex
1317 1003 1407 1084 51515
1426 1005 1539 1066 factum

209 1107 255 1159 est
275 1100 335 1160 alc.

268 1299 436 1363 'Homines
458 1305 650 1363 nominantur
670 1305 800 1380 primum
822 1304 1016 1382 magistratus
1038 1303 1167 1364 Romani
1188 1315 1264 1364 15555
1309 1381 1313 1392 ¹

209 1389 303 1464 Αὖλος
321 1397 463 1464 Ὁπίλιος
484 1398 593 1464 ὕπατος
613 1421 641 1463 v.
664 1403 714 1463 42.
756 1403 813 1463 Est
838 1404 876 1462 A.
899 1403 1049 1464 Hostilius
1071 1404 1107 1464 L.
1126 1406 1147 1464 i.
1164 1405 1320 1466 Mancinus
1342 1425 1405 1468 cos.
1420 1427 1447 1467 a.
1464 1409 1535 1482 584,

250 1521 310 1578 555
332 1513 464 1582 tempore
486 1505 799 1564 senatusconsultum
820 1505 932 1564 factum
954 1506 1054 1564 55115
1075 1506 1254 1566 Macedonia
1274 1525 1377 1584 agens.

211 1601 327 1666 Ko'rvrcr
348 1599 464 1665 Μαίνιος
486 1597 570 1663 Τίτου
594 1599 653 1664 υἱός
674 1595 835 1687 στρατηγός
862 1624 889 1663 v.
916 1607 941 1662 l.
967 1607 1014 1665 10.
1038 1607 1087 1665 38.
1130 1607 1303 1667 Praetorem
1327 1607 1365 1682 Q.
1387 1609 1538 1670 Maenium

252 1723 329 1782 quae
352 1715 474 1765 senatus
497 1725 524 1764 a.
540 1707 601 1765 584
623 1706 660 1764 de
674 1706 828 1764 Abderitis
841 1706 1034 1779 decrevisset,
1057 1718 1111 1782 pro
1126 1709 1265 1767 contione
1287 1710 1403 1770 edicere
1422 1711 1537 1772 iussum

252 1823 320 1866 osse
342 1807 372 1865 15
394 1807 484 1865 55155
506 1808 577 1866 enni
599 1808 672 1864 actis
695 1805 800 1864 Livius
823 1807 874 1878 43,
896 1808 925 1882 4,
951 1806 987 1864 12
1010 1818 1121 1879 narrat,
1142 1809 1213 1867 item
1235 1811 1286 1881 43,
1307 1811 1391 1882 6,10
1413 1815 1538 1873 eundem

251 1928 270 1966 a
284 1915 390 1967 senatu
404 1908 519 1967 iussum
540 1925 607 1966 esse
621 1907 844 1983 Lampsacenos
866 1908 897 1966 in
912 1909 1062 1966 sociorum
1078 1910 1238 1968 formulam
1248 1911 1369 1970 referre.
1403 1913 1541 1992 Apparet

251 2009 343 2085 igitur
369 2006 407 2081 Q.
433 2009 553 2067 Maeuio
579 2018 751 2084 praeturam
777 2008 921 2066 urbanam
948 2027 976 2067 a
1004 2010 1064 2068 584
1091 2010 1236 2087 obtigisse
1262 2030 1389 2088 eumque
1417 2016 1540 2074 consule

251 2109 290 2166 A.
312 2107 445 2167 Hostilio
465 2109 497 2166 in
519 2108 724 2167 Macedoniam
746 2086 889 2184 profecto,
912 2109 1006 2168 altero
1028 2111 1066 2168 A.
1087 2111 1180 2169 Atilio
1202 2111 1234 2170 in
1254 2111 1381 2189 Ligures
1404 2125 1540 2175 senatum

251 2211 387 2286 coegisse
414 2217 443 2268 et
471 2228 519 2270 res
546 2209 676 2268 urbanas
704 2211 868 2269 curavisse.
911 2210 947 2268 Id
972 2212 1072 2285 ipsum
1102 2213 1226 2288 requirit
1247 2217 1539 2276 senatusconsultum

252 2310 332 2385 5555
354 2311 513 2381 habemus3
538 2310 725 2368 notissimum
753 2311 830 2367 enirn
853 2319 899 2369 est
919 2311 1094 2372 absentibus
1116 2313 1290 2373 consulibus
1316 2333 1376 2374 555
1397 2318 1446 2375 551
1468 2318 1541 2376 velit

251 2411 382 2488 praetori
404 2411 453 2469 ius
475 2427 543 2468 esse
564 2419 685 2468 senatus
707 2411 844 2486 cogendi,
867 2411 920 2470 sed
941 2413 1086 2495 urbanum
1108 2433 1191 2474 more
1212 2415 1359 2474 maiorum
1382 2418 1540 2476 consulare

251 2529 359 2570 munus
382 2511 532 2570 sustinere
559 2510 690 2586 (Becker
709 2511 823 2569 enchir.
847 2510 875 2583 2,
904 2510 933 2584 2,
964 2513 1032 2572 187.
1060 2512 1151 2586 403);
1179 2521 1213 2571 ut
1240 2514 1287 2571 vel
1313 2533 1353 2573 ex
1380 2534 1430 2587 eo,
1456 2518 1539 2592 quod

252 2609 290 2685 Q.
313 2613 450 2670 Maeuius
473 2621 609 2670 senatum
635 2611 801 2684 consuluit,
826 2613 980 2688 provincia
1006 2613 1071 2671 eius
1099 2611 1267 2688 colligatur.
1296 2646 1338 2656 —
1364 2612 1435 2673 Non
1461 2627 1539 2677 recte

251 2713 309 2769 viri
330 2712 410 2769 55511
432 2711 530 2769 adhuc
553 2712 581 2769 ei
603 2713 791 2787 peregrinam
816 2713 999 2787 provinciam
1025 2712 1185 2781 dederunt,
1212 2713 1356 2772 urbanam
1377 2725 1477 2775 autem
1500 2716 1538 2792 Q.

251 2810 381 2881 Raecio,
406 2828 494 2886 quern
516 2810 621 2869 Livius
643 2813 694 2885 43,
722 2812 751 2885 3,
780 2814 863 2872 6511
890 2832 930 2872 ex
958 2813 1236 2871 senatusconsulto
1262 2813 1293 2871 15
1322 2825 1406 2890 parte
1431 2817 1540 2878 Italiae

251 2911 374 2987 Illyrico
396 2911 514 2970 obiecta
535 2912 646 2970 milites
661 2913 886 2988 conscripsisse,
909 2912 1014 2970 deinde
1034 2931 1060 2970 c.
1079 2914 1160 2986 ll,4
1183 2932 1221 2971 ex
1243 2913 1303 2972 5115
1324 2925 1447 2976 5555155
1469 2937 1539 2978 con-

251 3012 330 3070 sulto
357 3018 512 3070 senatores
538 3030 577 3070 ex
603 3021 666 3070 1515
690 3011 779 3070 115115
805 3011 930 3070 Romam
963 3030 1131 3072 revocasse.
1180 3013 1260 3072 Num
1289 3034 1328 3073 ex
1354 3016 1438 3078 hisce
1462 3021 1563 3097 ipsis,

251 3112 325 3170 locis
351 3112 425 3170 satis
452 3111 636 3188 intellegitur
657 3111 801 3169 Raecium
823 3112 853 3170 in
876 3112 966 3171 Italia
987 3113 1094 3188 egisse,
1117 3114 1148 3172 id
1169 3115 1250 3190 quod
1271 3117 1403 3192 praetori
1425 3120 1539 3180 555555

251 3233 289 3272 55
309 3213 421 3272 licebat
441 3213 572 3287 quidem,
594 3218 625 3270 51
644 3229 693 3270 555
707 3211 831 3272 11511555
853 3213 1088 3272 administrasse.
1121 3215 1248 3292 Proprie
1270 3227 1371 3276 autem
1392 3237 1539 3295 quaenam

250 3313 406 3392 provincia
427 3311 464 3387 Q.
487 3313 600 3372 Raecio
623 3314 756 3372 evenerit
782 3315 834 3372 551
856 3315 1042 3390 quaerimus,
1070 3316 1172 3392 paullo
1194 3317 1286 3376 altius
1307 3335 1357 3376 555
1378 3322 1540 3397 repetenda
1640 3353 1647 3364 ›

249 3423 305 3477 est.
349 3413 470 3476 Scilicet
496 3432 561 3473 cnm
590 3415 656 3473 seni
684 3425 746 3473 tum
768 3423 921 3491 praetores
943 3424 1122 3487 crearentur,
1143 3433 1269 3491 quorum
1291 3419 1353 3478 bini
1374 3421 1405 3478 in
1427 3420 1540 3499 Hispa-

250 3518 318 3576 nias
346 3517 391 3574 ire
418 3515 567 3588 solebant,
599 3515 681 3574 55115
707 3517 831 3575 Persico
863 3525 971 3575 exorto
999 3516 1127 3594 singulis
1152 3524 1267 3578 tantum
1293 3522 1481 3595 praetoribus
1507 3523 1539 3583 in

251 3615 431 3694 Hispaniam
446 3617 549 3674 missis
563 3625 650 3674 extra
672 3617 806 3674 ordinem
829 3616 990 3674 555515515
1010 3629 1067 3688 551,
1090 3627 1123 3676 51
1142 3618 1169 3676 15
1185 3628 1306 3695 praetor
1319 3621 1367 3678 cui
1389 3623 1541 3684 evenisset

250 3717 308 3775 iret
329 3734 388 3791 quo
404 3727 526 3774 senatus
542 3715 718 3773 censuisset.
751 3714 836 3772 11555
859 3732 925 3772 5555
946 3735 1013 3774 cum
1036 3717 1349 3779 asseuerante
1370 3723 1539 3801 obtigisset,

250 3815 277 3876 is
299 3814 493 3873 Brundisium
515 3815 554 3872 ad
576 3815 702 3873 classem
724 3815 833 3874 missus
855 3825 901 3874 est
924 3815 1003 3891 (Liv.
1019 3815 1070 3887 42,
1085 3816 1149 3892 31).
1193 3817 1311 3878 Deinde
1332 3821 1440 3882 classis
1462 3825 1540 3882 inter

251 3913 422 3991 provincias
444 3931 506 3985 eas,
533 3914 570 3974 de
591 3914 700 3990 quibus
721 3922 874 3993 praetores
897 3917 1084 3988 sortirentur,
1108 3923 1230 3993 recepta
1250 3919 1350 3978 evenit
1370 3939 1397 3979 a.
1420 3921 1481 3981 584
1501 3921 1538 3982 L.

250 4015 416 4074 Hortensio
438 4013 518 4090 (Liv.
541 4015 592 4087 43,
614 4015 643 4072 4.
666 4015 694 4072 7.
718 4015 762 4092 8),
785 4034 812 4073 a.
836 4016 896 4075 585
918 4014 954 4076 C.
975 4016 1090 4074 Marcio
1112 4015 1222 4094 Figulo
1245 4016 1327 4093 (Liv.
1342 4019 1392 4090 43,
1417 4021 1465 4080 11.
1490 4022 1538 4082 15.

251 4117 302 4188 44,
327 4115 368 4190 1),
394 4133 421 4173 a.
448 4115 508 4175 586
537 4113 592 4175 (in.
613 4114 743 4175 Octavio
772 4115 852 4191 (Liv.
879 4117 930 4189 44,
960 4116 1022 4192 17).
1066 4113 1126 4176 Sed
1152 4117 1307 4194 provincia
1334 4126 1367 4178 ut
1393 4120 1451 4178 iret
1479 4139 1539 4198 quo

251 4224 371 4277 senatus
392 4217 560 4276 censuisset
581 4217 677 4295 magis
699 4218 736 4275 55
757 4217 883 4293 imperio
904 4217 1053 4276 maritimo
1075 4217 1210 4277 seiuncta
1230 4227 1278 4277 551
1291 4237 1382 4294 qnam
1405 4220 1539 4292 sublata3

187 4321 189 4324 ’
252 4328 331 4378 certe
346 4335 374 4375 a.
389 4317 448 4376 586
470 4323 591 4395 praetor
612 4319 786 4395 peregrinus
809 4317 898 4376 simul
912 4318 1030 4377 iubetur
1050 4317 1094 4376 ire
1109 4336 1144 4376 eo
1159 4336 1219 4396 quo
1234 4326 1357 4378 senatus
1372 4321 1540 4382 censuisset

253 4417 384 4494 (44,17,
414 4419 453 4475 10
481 4418 518 4476 51.
545 4436 569 4476 c.
598 4417 648 4489 21,
669 4417 713 4494 4),
746 4427 776 4476 51
802 4419 865 4476 veri
899 4418 997 4476 simile
1022 4427 1070 4476 est
1095 4417 1184 4476 etiam
1211 4437 1356 4478 annorum
1381 4421 1451 4482 584.
1478 4421 1538 4482 585

250 4529 406 4597 praetores
428 4519 602 4596 peregrinos
624 4518 763 4578 similiter
783 4518 933 4595 duplicem
955 4527 1065 4578 sortem
1087 4519 1239 4579 habuisse.
1275 4519 1323 4580 Ea
1344 4539 1411 4582 5555
1430 4524 1539 4600 opinor

251 4639 278 4679 a
302 4621 363 4680 584
385 4620 426 4678 Μ.
448 4618 560 4678 Raecio
583 4614 697 4690 evenit3
723 4621 841 4678 censuit
861 4628 960 4679 sutem
982 4629 1113 4694 senatus,
1140 4629 1174 4680 ut
1197 4622 1272 4680 urbe
1292 4622 1397 4682 relicta
1417 4624 1538 4701 provin·

251 4723 358 4798 cisque
388 4721 548 4799 peregriua
583 4720 715 4796 collegae
748 4721 910 4780 commissa
944 4739 1016 4780 orae
1051 4721 1143 4781 maris
1174 4721 1342 4783 Hadriatici
1372 4725 1538 4785 custodiam

251 4822 425 4900 susciperet.
449 4855 487 4866 —
509 4820 547 4896 Q.
570 4820 707 4880 Maenius
730 4819 767 4879 T.
788 4822 809 4880 i.
832 4830 987 4899 praeterea
1006 4822 1127 4899 ignotus
1149 4831 1205 4883 est.

209 4913 295 4983 Peiros
320 4913 462 5004 5155ρέ555
482 4941 511 4982 v.
534 4921 584 4981 22.
607 4919 647 4981 52
673 4922 701 4980 is
729 4922 766 4982 de
791 4939 852 4998 quo
879 4923 969 4982 modo
995 4923 1127 4984 diximus
1154 4934 1275 5002 praetor
1301 4942 1329 4984 5.
1357 4923 1418 4984 588
1445 4923 1539 4984 515551

252 5020 391 5101 praefuit.

291 5119 494 5182 Nominantur
513 5123 621 5182 551555
647 5125 790 5184 senatorii
812 5125 926 5187 ordinis
948 5126 1004 5186 viri
1025 5125 1174 5205 quinque,
1200 5126 1252 5204 qui
1276 5124 1394 5187 duobus
1416 5133 1539 5186 5555155

210 5221 356 5283 consultis
377 5222 424 5283 bis
446 5223 609 5285 scribendis
630 5224 803 5286 adfuerunt:
