3826 5962
373 526 462 631 206⁵
539 631 542 638 Δ
922 575 1151 638 maculans

372 749 446 808 ertit
473 750 508 806 dt
532 746 759 824 a[ceusratr]ore
783 749 977 820 mandassent,
1005 751 1089 806 inraso
1111 758 1210 807 coena
1232 746 1458 824 tarwanense}
1504 747 1571 828 Quo
1592 751 1702 808 retinas

373 851 496 924 effectum
518 858 570 919 est,
592 858 623 908 ut
644 847 763 924 o[runes]
785 849 822 907 ab
843 853 1040 909 accassutiorte
1061 851 1226 908 desisterent
1246 859 1272 907 et
1285 867 1312 924 q.
1327 836 1361 906 s.

455 949 514 1008 His
541 937 716 1026 praemissis
742 967 820 1025 quae
846 950 884 1008 de
910 950 997 1008 trium
1020 949 1187 1010 Galliarum
1214 949 1341 1008 concilio
1368 949 1480 1008 tradita
1505 957 1589 1020 sunt,
1616 949 1701 1008 brevi

373 1051 613 1126 complectamur.
650 1050 808 1109 Kalendae
823 1052 989 1128 Augustae,
1012 1050 1121 1127 quibus
1142 1049 1200 1110 ara'
1209 1049 1348 1110 dedicata
1362 1059 1435 1120 erat,
1456 1067 1517 1108 non
1532 1049 1630 1108 solum
1645 1052 1701 1110 sub

375 1151 480 1228 primis
507 1151 753 1227 imperatoribus,
781 1151 835 1210 sed
861 1153 950 1210 etiam
976 1153 1064 1210 tertio
1090 1150 1209 1210 saeculo
1237 1150 1316 1227 (Dio
1343 1148 1431 1210 Cass.
1455 1151 1509 1222 54,
1530 1149 1583 1226 32)
1610 1152 1701 1209 trium

374 1250 542 1310 Galliarum
558 1261 707 1311 conventu
722 1263 752 1311 et
766 1253 846 1312 omui
860 1253 998 1312 ludorum
1013 1259 1160 1330 apparatu
1174 1252 1314 1329 Lugduni
1327 1251 1562 1323 celebrabantur,
1585 1269 1702 1310 eomm-

262 1385 265 1394 ι
374 1370 432 1428 que
455 1353 703 1429 spectaculorum,
726 1371 803 1430 quae
824 1354 865 1413 ibi
888 1353 968 1412 edita
989 1371 1057 1412 esse
1079 1361 1109 1413 et
1131 1355 1297 1431 scriptores
1315 1361 1344 1412 et
1357 1359 1549 1412 monumenta
1563 1352 1702 1430 produnt,

372 1452 511 1512 ludorum
533 1454 727 1526 scenicorum,
750 1455 938 1528 circensium,
960 1473 1115 1514 munerum
1129 1455 1385 1532 gladiatoriarum,
1408 1455 1607 1524 venationum,
1629 1472 1702 1512 nau·

371 1554 567 1628 machiarum,
590 1575 650 1614 nou
673 1557 826 1616 minimam
847 1565 962 1632 partem
983 1556 1022 1616 ad
1040 1557 1129 1615 huius
1145 1556 1205 1616 diei
1218 1555 1418 1616 celebritatem
1436 1555 1619 1632 spectavisse
1633 1571 1703 1613 con·

373 1662 547 1714 sentaneum
569 1665 616 1715 est
636 1655 678 1732 (v.
702 1657 843 1717 Boissien
866 1676 895 1733 p.
912 1657 1063 1734 461sqq.;
1085 1657 1215 1716 Ruinart
1231 1658 1309 1716 Acta
1323 1658 1409 1716 Mart
1433 1677 1462 1734 p.
1479 1655 1596 1733 iiam).
1640 1657 1701 1714 Ac·

373 1764 527 1815 cesserunt
549 1757 605 1816 sub
620 1755 759 1834 Caligula
777 1760 929 1816 rhetorum
944 1777 1064 1835 quoque
1080 1755 1265 1818 Graecorum
1279 1757 1514 1834 Latinorumque
1528 1757 1700 1828 certamina,

375 1857 412 1914 de
435 1857 544 1932 quibus
565 1857 603 1916 ei.
626 1857 708 1918 Suet.
731 1857 796 1919 Gal.
814 1857 867 1930 203
889 1859 1013 1918 quenel
1030 1861 1057 1932 1,
1073 1859 1122 1918 44.
1166 1861 1217 1920 Ad
1238 1861 1315 1918 hanc
1337 1849 1554 1918 solemnitatem
1576 1877 1594 1917 a
1616 1876 1702 1917 sexa·

373 1957 457 2034 muta
483 1967 612 2034 quatuor
638 1959 809 2020 civitatibus
835 1961 927 2038 legati
950 1961 1036 2020 missi
1062 1959 1138 2020 sunt'
1159 1977 1226 2019 cum
1252 1961 1416 2033 mandatis,
1445 1961 1496 2037 qui
1519 1969 1548 2020 et
1568 1959 1599 2018 in
1620 1960 1700 2018 ludis

375 2066 457 2116 certa
477 2058 545 2118 loca
565 2060 714 2119 habebant
735 2061 850 2137 (Boias.
872 2079 901 2138 p.
918 2061 993 2138 467)
1016 2071 1046 2121 et
1065 2062 1158 2121 finitis
1179 2061 1260 2121 ludis
1275 2061 1434 2120 concilium
1450 2061 1622 2138 provinciae
1635 2079 1703 2119 con·

374 2158 546 2217 stituebant.
582 2160 766 2238 inquorum
789 2181 912 2222 numero
933 2164 1013 2240 quod
1036 2173 1100 2223 erat
1121 2162 1250 2224 Sennius
1266 2161 1437 2235 Sollemnis,
1459 2179 1547 2239 quem
1569 2163 1702 2222 diximus

375 2259 559 2320 sacerdotem
581 2280 652 2320 arae
673 2263 820 2322 nominari
841 2264 872 2322 in
895 2283 1043 2323 marmore
1058 2264 1249 2343 Torignensi,
1271 2264 1342 2324 inda
1364 2281 1423 2323 non
1439 2263 1577 2337 efficitur,
1599 2279 1702 2322 omnes

372 2359 489 2436 legatos
515 2362 610 2421 fuisse
636 2363 818 2423 sacerdotes.
863 2363 973 2434 immo,
1001 2365 1028 2422 si
1050 2383 1153 2424 verum
1175 2365 1355 2424 Mommseui
1381 2364 1620 2441 supplementum
1646 2372 1702 2435 est,

373 2461 420 2519 cui
447 2461 501 2521 illa
525 2463 689 2522 sacerdotis
715 2463 875 2541 appellatio
901 2463 1039 2536 debetur,
1065 2471 1118 2523 aut
1141 2481 1219 2522 uuus
1239 2465 1406 2540 legatorum
1428 2465 1596 2523 sacerdotio
1619 2483 1703 2541 prae-

372 2561 467 2622 fuisse
488 2571 542 2622 aut
563 2564 742 2642 legationem
758 2565 931 2643 suscepisse
946 2565 1114 2625 sacerdotio
1128 2574 1333 2624 consummato
1349 2565 1515 2623 credendus
1529 2575 1586 2624 est
1623 2564 1703 2624 Con-

372 2663 434 2722 cilii
464 2683 534 2722 vern
562 2675 627 2724 erat
651 2665 797 2744 primum,
827 2667 916 2724 aedes
944 2685 1047 2726 sacras
1073 2665 1151 2725 tueri
1177 2676 1208 2725 et
1232 2666 1333 2725 omnia
1358 2673 1441 2724 sarta
1465 2673 1545 2724 tecta
1570 2666 1704 2742 exigere,

373 2781 439 2822 curn
461 2774 491 2822 et
512 2767 655 2842 templum
678 2777 709 2825 et
730 2775 829 2826 cetera
849 2767 987 2826 aedilicia
1008 2785 1027 2826 a
1047 2767 1220 2844 provincius
1242 2767 1414 2826 civitatibus
1436 2767 1589 2826 'exstructa
1603 2775 1704 2826 essent

375 2862 504 2938 (Strabo
530 2867 550 2924 4
578 2887 608 2943 p.
628 2866 727 2942 192),
758 2867 864 2927 deinde
892 2868 1030 2928 ludorum
1059 2869 1333 2944 sacrificiorumque
1359 2868 1526 2944 impensam
1555 2867 1703 2927 sustinere

377 2983 540 3042 servosque
568 2974 598 3025 et
625 2967 748 3027 libertos
771 2969 873 3044 templi
901 2968 1044 3045 (libertum
1067 2974 1152 3028 trirtm
1177 2969 1342 3029 Galliarum
1363 2968 1456 3027 habes
1479 2968 1557 3044 apud
1580 2967 1703 3026 Heusen

373 3085 402 3124 n.
418 3065 515 3142 6393)
542 3068 631 3129 alere.
675 3069 726 3128 Ad
752 3071 830 3128 huuc
856 3069 945 3128 linem
972 3071 1136 3130 constituta
1155 3071 1229 3130 ¹eret
1256 3088 1340 3142 arca,
1366 3070 1413 3129 cui
1439 3051 1583 3146 praelecti
1608 3069 1704 3128 inisse

375 3166 515 3227 videntur
542 3169 663 3229 attestor
687 3169 852 3230 Galliarum
873 3170 992 3246 (Boias.
1014 3191 1044 3249 p.
1060 3153 1154 3248 ibitisv
1178 3173 1262 3231 iudas
1287 3189 1375 3232 ureae
1398 3170 1565 3230 Galliarum
1586 3169 1702 3245 (Boias.

374 3283 403 3341 p.
420 3265 490 3326 278.
513 3266 602 3345 rte),
627 3275 784 3346 inquisitor
805 3271 970 3331 Galliarum
996 3273 1055 3349 (ib.
1077 3291 1106 3350 p.
1123 3271 1193 3332 265.
1214 3271 1299 3349 266).
1344 3273 1506 3331 Praeterea
1530 3289 1549 3328 a
1574 3271 1703 3330 concilio

373 3375 403 3424 et
424 3369 566 3428 sacerdos
589 3375 659 3430 arae
680 3372 847 3446 creabatur,
868 3373 900 3432 id
921 3373 1002 3450 quod
1022 3392 1168 3452 apparere
1182 3373 1299 3432 videtur
1321 3393 1337 3431 e
1356 3373 1442 3432 titulo
1455 3373 1565 3432 Licinii
1587 3371 1702 3447 (Boias.

372 3485 402 3544 p.
419 3468 473 3541 923
496 3471 791 3532 Mommsen'Anueli
810 3475 888 3534 1853
911 3493 939 3551 p.
957 3473 1021 3550 60),
1044 3473 1108 3550 [qui
1128 3476 1183 3533 duo
1206 3477 1234 3532 e't
1252 3474 1368 3551 adstrati
1389 3473 1492 3549 aarc[s
1514 3481 1599 3532 nubta
1622 3489 1701 3531 crea·

374 3569 431 3645 t]as
453 3571 601 3646 caradoc
622 3574 688 3650 est];
711 3583 741 3633 et
760 3575 832 3635 viris
855 3576 892 3635 de
912 3575 1067 3652 provincia
1088 3577 1163 3635 bene
1184 3575 1298 3635 meritis
1321 3583 1438 3634 statuae
1460 3575 1704 3645 decernebantur,

373 3685 448 3744 quas
470 3687 574 3732 omnes
597 3675 685 3733 trium
701 3661 870 3736 Galliarum
893 3677 1012 3736 nomine
1035 3677 1199 3738 collocatas
1214 3677 1341 3753 legimus
1363 3675 1506 3752 (exempli
1522 3695 1546 3735 c.
1560 3683 1590 3734 r.
1607 3673 1704 3735 Orelli

375 3771 466 3831 3650.
488 3773 583 3848 36533
607 3775 730 3835 Hannon
746 3777 837 3838 5968.
858 3778 949 3838 6944.
970 3777 1083 3854 6950),
1105 3786 1136 3836 et
1155 3779 1247 3858 legati
1269 3778 1463 3837 mittebantur
1484 3775 1522 3836 ad
1544 3777 1704 3854 imperato·

373 3893 446 3946 rem,
468 3875 519 3951 qui
542 3885 595 3960 ant
615 3877 765 3938 desideria
785 3879 957 3957 provinciae
979 3879 1130 3939 deferrent
1151 3887 1202 3938 aut
1223 3877 1389 3956 praesidem
1411 3878 1581 3956 provinciae
1600 3877 1705 3936 lauda·

374 3983 441 4035 rent
462 3977 511 4036 vel
532 3988 715 4040 accusarent.

456 4079 484 4137 8.
522 4081 629 4142 Acras
645 4081 840 4141 Mammula.
877 4081 998 4142 Titulus
1020 4084 1091 4142 anni
1109 4083 1164 4142 181
1183 4101 1212 4159 p.
1229 4080 1301 4142 Chr.
1326 4081 1378 4159 qui
1397 4088 1445 4140 est
1459 4079 1540 4158 apud
1555 4079 1703 4140 Orellium

373 4200 401 4238 n.
419 4179 499 4240 2214
526 4193 606 4242 recte
630 4184 764 4260 suppleri
787 4183 905 4244 videtur
930 4183 1099 4242 Flauio-
1123 4183 1231 4244 Sabino
1255 4215 1292 4226 —
1316 4216 1356 4226 —
1379 4181 1476 4241 IIviro
1491 4185 1561 4259 soro
1583 4181 1705 4241 latiensi

373 4281 517 4358 (flamini)
537 4289 703 4358 proviaeiae
724 4285 845 4362 Alpium
865 4287 1082 4345 assemanum.
1360 4289 1363 4296 ’
1389 4337 1391 4340 .

458 4383 486 4441 9.
525 4383 728 4445 (insusurra.
771 4387 903 4464 Augusti
925 4393 1034 4466 aetate,
1054 4404 1116 4462 qua
1134 4386 1264 4446 Romani
1285 4393 1377 4445 totam
1394 4384 1587 4445 Germaniam
1610 4401 1705 4460 usque

375 4482 413 4538 ad
435 4482 535 4540 Albim
564 4503 624 4548 nun
650 4487 746 4545 solum
774 4487 926 4547 domuisse
953 4488 1006 4547 sed
1031 4488 1120 4546 etiam
1147 4488 1178 4547 in
1205 4487 1375 4564 provincias
1401 4485 1528 4546 formam
1550 4483 1704 4562 redegisse

377 4582 435 4641 sibi
457 4582 644 4658 ridebantur,
666 4607 721 4647 ara
741 4587 883 4648 Ubiorum
903 4599 1080 4649 consecrata
1101 4599 1155 4662 est,
1177 4587 1257 4665 apud
1278 4607 1368 4665 quam
1390 4605 1425 4645 eo
1447 4607 1531 4659 anno,
1554 4605 1611 4663 quo
1635 4584 1707 4646 ser·

375 4687 489 4744 munies
517 4683 670 4760 derasam
698 4691 834 4750 secedas
855 4701 966 4751 creatas
988 4703 1030 4750 est
1050 4691 1271 4767 septemburias,
1299 4690 1423 4766 Segestis
1439 4689 1520 4765 filiae
1545 4685 1705 4747 Cheruscas

376 4785 549 4860 (Tecmo.
568 4790 595 4861 1,
610 4789 674 4866 st).
709 4791 786 4854 Post
806 4790 923 4850 cladem
937 4792 1101 4852 Varianam
1122 4801 1152 4852 et
1172 4791 1343 4870 provinciae
1364 4791 1447 4850 illius
1466 4787 1621 4850 faciendae
1635 4791 1707 4847 con·

376 4887 476 4948 silium
502 4883 707 4950 obiectumst
731 4889 829 4952 cultus
856 4893 909 4953 ille
932 4887 1103 4970 provinciae
1129 4893 1258 4953 abolitus
1280 4910 1355 4988 essex
1370 4892 1495 4964 videtur,
1523 4891 1576 4951 sed
1599 4891 1706 4949 velex

376 4991 472 5062 moui,
498 5009 575 5070 quae
601 4993 666 5054 eins
687 5001 789 5056 exstat
810 4989 890 5072 apud
911 4993 1065 5068 Tacitum,
1092 4995 1237 5056 memoria
1257 4995 1288 5055 id
1309 5013 1455 5074 apparere
1475 4993 1580 5064 credo,
1608 5007 1707 5052 sacer·

378 5091 492 5152 dodum
514 5111 583 5156 arae
604 5093 751 5156 Ubiorum
773 5089 867 5158 luisse
888 5113 1032 5176 monum.
1093 5129 1096 5134 ·
