3750 5990
434 613 508 684 248
728 617 730 625 '
959 621 1239 676 amnesamnes

434 806 577 880 gistratus
598 800 754 859 Romanus
780 799 837 857 suit
858 799 910 875 qui
933 797 1055 874 proprio
1077 815 1112 854 ac
1133 795 1267 872 legitimo
1289 795 1408 854 nomine
1430 795 1572 854 inridicus
1594 803 1779 852 vocaretur.
1846 852 1847 870 η

435 903 536 978 Quare
563 919 650 960 nemo
671 899 804 974 intellegi
826 906 940 975 potest,
968 897 1026 956 nisi
1048 907 1101 956 eut
1122 895 1284 973 proconsul
1305 895 1452 966 Achaiae,
1480 904 1533 953 aut
1556 895 1682 971 legatus
1705 912 1779 952 eor·

433 1011 541 1062 rector.
577 1001 648 1060 Non
669 1019 741 1059 vero
768 1000 865 1070 illum,
887 998 940 1056 sed
961 1000 1039 1057 hunc
1060 999 1156 1056 inisse
1177 1016 1244 1056 cum
1258 995 1418 1072 Borghesii
1438 995 1533 1072 ipsius
1555 1004 1776 1072 argumentum

435 1103 591 1180 probabile
616 1101 727 1172 reddit,
755 1100 836 1176 qnod
861 1099 941 1157 illius
968 1097 1134 1157 iurisdictio
1156 1098 1195 1157 ad
1217 1095 1356 1174 Spartam
1380 1096 1529 1155 civitatem
1551 1097 1681 1156 liberam
1709 1113 1774 1154 non

436 1203 624 1284 pertinuerit,
657 1209 719 1260 tum
753 1201 850 1259 omnis
884 1199 1030 1258 dubitatio
1063 1199 1225 1274 expellitur
1253 1197 1342 1256 titulo
1367 1197 1477 1270 Attico,
1499 1216 1560 1273 quo
1581 1188 1773 1280 ripas-,Craris
1847 1185 1848 1196 ¹

435 1298 601 1367 Σοβιιοτνῖν
629 1291 676 1358 καὶ
703 1292 928 1382 ἆντιττράτηγος
953 1307 1087 1358 vocatur.
1130 1298 1209 1358 Nam
1232 1299 1303 1374 quin
1324 1306 1450 1374 uterque
1477 1298 1625 1357 Aemilius
1651 1297 1770 1356 lunens

435 1406 512 1466 idem
540 1405 580 1464 sit
604 1403 664 1462 iam
690 1421 777 1460 nemo
804 1401 958 1460 dubitabit.
1003 1397 1064 1473 Qui
1090 1418 1182 1476 quum
1210 1399 1358 1458 Hadriani
1388 1406 1485 1456 aetate
1510 1399 1615 1469 fuerit,
1642 1399 1705 1456 iam
1737 1398 1769 1456 id

434 1525 555 1584 quoque
576 1503 722 1581 explicari
744 1511 857 1580 potest,
885 1521 939 1560 cur
960 1501 1065 1559 titulus
1086 1510 1212 1577 uterque
1238 1501 1269 1558 in
1291 1519 1412 1559 munere
1433 1499 1555 1558 Aemilii
1577 1500 1664 1558 lunci
1689 1499 1769 1557 indi·

435 1607 531 1666 cando
553 1604 723 1663 nominibus
746 1613 806 1662 tam
828 1603 888 1661 late
910 1603 1091 1679 patentibus,
1119 1601 1220 1677 qualia
1241 1607 1311 1658 sunt
1331 1593 1513 1684 τρετβεντῆς
1534 1591 1698 1663 Σεβαστοῦ
1716 1591 1768 1656 καὶ

435 1695 659 1789 ἀντιστράτηγος
680 1713 710 1762 ct
731 1694 906 1770 δικαιοδότης
920 1703 1023 1779 (atque
1038 1722 1076 1760 ne
1090 1702 1193 1760 eodem
1208 1701 1328 1777 quidem
1345 1702 1463 1759 nomine
1478 1701 1617 1778 uterque)
1632 1708 1767 1759 utantm.

435 1807 557 1870 Scilicet
585 1803 741 1882 proprium
773 1811 802 1860 et
828 1803 962 1862 solemne
994 1804 1059 1861 eius
1091 1802 1222 1860 muneris
1249 1801 1428 1862 vocabulum
1459 1812 1521 1861 tum
1548 1802 1680 1861 nondum
1706 1802 1766 1860 luit

434 1909 565 1978 omnino,
594 1905 647 1964 sed
668 1905 736 1980 ipso
758 1923 881 1962 munere
902 1904 996 1962 multo
1018 1903 1165 1962 recentius
1188 1909 1243 1961 est.
1289 1901 1391 1976 Quum
1413 1903 1491 1961 enim
1512 1903 1683 1974 Maximus,
1712 1905 1767 1979 qui

435 2009 578 2076 Traiano,
599 2014 630 2064 et
642 2005 834 2064 Pactumeius
850 2001 999 2074 Clemens,
1021 2004 1074 2080 qui
1088 2003 1243 2061 Hadriano
1257 2002 1436 2079 imperatore
1457 2023 1495 2062 eo
1509 2023 1632 2062 munere
1645 2005 1766 2062 iunctus

436 2117 497 2180 est,
526 2105 592 2164 solo
619 2105 787 2182 legatorum
816 2105 937 2164 nomine
962 2103 1055 2162 multo
1083 2104 1175 2162 latius
1203 2113 1323 2180 patente
1350 2103 1563 2180 significentur,
1590 2105 1630 2176 ei,
1654 2107 1765 2182 quibus

435 2208 590 2288 proprium
618 2204 795 2262 vocabulum
826 2213 967 2264 corrector
991 2198 1220 2284 (ἐτανορθωτνῖς)
1250 2205 1435 2282 adiungitur,
1464 2205 1555 2263 multo
1583 2207 1766 2265 recentiores

437 2319 515 2370 sunt.
554 2303 638 2379 Quos
662 2303 740 2362 enim
762 2314 886 2363 noverat
906 2305 1052 2364 eiusmodi
1073 2304 1209 2362 homines
1225 2303 1419 2381 Borghesius,
1440 2305 1597 2381 Egnatium
1612 2306 1765 2366 11888188

436 2408 486 2486 (C.
514 2407 540 2466 I.
572 2405 666 2477 1341,
694 2402 835 2482 Spartae)
862 2415 892 2463 et
918 2404 957 2463 L.
985 2405 1143 2480 Egnatium
1175 2404 1315 2464 Victorem
1341 2404 1509 2464 Lollianum
1537 2405 1589 2482 (C.
1618 2407 1642 2465 I.
1674 2407 1764 2478 1621,

435 2507 601 2583 Plataeis),
636 2523 676 2564 ex
710 2505 748 2562 iis
777 2503 863 2563 illum
891 2503 1070 2576 Commodo,
1108 2505 1187 2562 hunc
1204 2501 1359 2582 Septimio
1387 2504 1499 2567 Severo
1528 2518 1580 2566 aut
1606 2505 1764 2568 Caracalla

436 2595 616 2688 imperatore
642 2624 678 2664 eo
705 2623 826 2664 munere
851 2605 983 2663 sunctum
1010 2605 1158 2682 probarit.
1201 2605 1307 2682 Neque
1333 2606 1510 2683 antiquioris
1532 2610 1676 2684 temporis
1699 2629 1765 2670 esse

435 2711 574 2770 videntur
594 2706 655 2764 dno
676 2705 737 2764 alia
758 2706 897 2782 exempla
917 2701 1125 2788 inavepSwwiv
1146 2707 1319 2782 provinciae
1334 2707 1476 2780 Achaiae,
1499 2727 1577 2784 quae
1598 2713 1764 2770 recentiore

437 2823 571 2886 tempore
603 2808 634 2864 in
665 2807 762 2864 lucem
794 2807 983 2881 prodierunt,
1020 2805 1063 2862 Ti.
1096 2804 1215 2864 Claudii
1250 2806 1431 2884 Collippieni
1455 2808 1555 2868 Italici
1584 2809 1766 2885 (Bullcttino

440 2910 519 2970 1861
542 2929 571 2986 p.
590 2907 662 2982 119)
685 2913 715 2964 81
739 2904 792 2966 08.
818 2905 937 2964 Claudii
957 2903 1122 2983 Leontici1)
1145 2901 1229 2982 (Ἐφ.
1253 2903 1325 2990 ἆρχ.
1347 2909 1452 2984 3797).
1490 2908 1569 2968 Nam
1591 2929 1685 2986 quum
1706 2915 1765 2972 iam

438 3009 585 3074 eiusmodi
616 3007 740 3066 nomina
771 3007 803 3064 in
828 3006 998 3064 hominibus
1028 3007 1067 3064 ad
1094 3025 1226 3066 summos
1253 3008 1382 3067 honores
1415 3011 1525 3070 evectis
1552 3015 1649 3089 magis
1677 3017 1765 3074 tertio

438 3131 528 3190 quam
553 3109 640 3167 alteri
661 3126 690 3182 p.
714 3105 784 3166 Chr.
813 3106 934 3166 saeculo
962 3107 1122 3165 convenire
1150 3108 1319 3180 rideantur,
1346 3109 1423 3168 aliae
1448 3113 1581 3171 rationes
1608 3115 1766 3176 accedunt:

439 3210 649 3285 Callippianus
671 3205 794 3264 Italicus
817 3209 894 3264 enim
916 3207 947 3264 in
968 3207 1056 3265 titulo
1078 3207 1185 3266 dicitur
1205 3200 1388 3291 πρεσβευτὴς
1407 3213 1453 3267 rui
1458 3235 1471 3266 ν
1493 3205 1696 3278 {illumin
1717 3209 1765 3274 καὶ

439 3299 673 3390 ἀντιστράτηγος.
717 3302 813 3377 Quem
839 3305 986 3380 pluralem
1015 3325 1195 3384 quamquam
1221 3310 1312 3368 etiam
1333 3309 1369 3368 de
1383 3313 1594 3389 vcompluribus
1618 3316 1765 3394 Augustis

439 3412 492 3490 qui
513 3427 546 3468 se
566 3406 695 3466 invicem
710 3407 883 3480 exceperint
902 3406 1039 3482 usurpari
1054 3407 1256 3467 demonstravi
1277 3409 1307 3486 (l
1321 3431 1350 3487 p.
1369 3411 1452 3486 110),
1468 3411 1566 3472 tamen
1581 3415 1631 3473 hic
1644 3426 1768 3493 propter

439 3515 536 3590 lpsam
559 3507 691 3568 muneris
714 3505 943 3563 extraordinarii
968 3514 1103 3564 naturam
1130 3507 1161 3564 id
1188 3509 1252 3566 veri
1278 3509 1375 3570 simile
1403 3530 1463 3570 non
1489 3525 1550 3588 est;
1579 3534 1640 3574 non
1667 3526 1767 3593 potest

439 3613 531 3691 igitur
551 3615 620 3668 ante
641 3605 682 3662 M.
698 3605 856 3664 Aurelium
877 3617 907 3665 et
926 3605 963 3664 L.
979 3605 1092 3667 Verum
1113 3607 1219 3668 titulus
1242 3612 1426 3688 compositus
1448 3631 1524 3685 esse,
1545 3616 1588 3673 ita
1609 3624 1642 3675 ut
1655 3616 1767 3676 Paetu-

440 3712 519 3770 meio
541 3706 694 3767 Clemente
722 3712 752 3764 et
772 3707 903 3766 Aemilio
924 3707 1030 3780 Iunco,
1057 3709 1108 3784 qui
1134 3710 1253 3768 nomine
1275 3707 1476 3792 ἕτανορὲιι-τιίς
1502 3715 1669 3793 (corrector)
1691 3735 1767 3776 non.

440 3812 511 3871 dum
532 3814 665 3881 utuntur,
692 3807 796 3884 ntique
817 3808 912 3866 multo
933 3809 1079 3866 recentior
1107 3809 1147 3866 sit
1168 3806 1376 3887 Callippianns
1402 3811 1541 3884 Italicus;
1567 3817 1640 3874 mibi
1666 3829 1765 3876 antem

439 3912 504 3971 reri
526 3909 652 3971 similius
675 3918 730 3980 ast,
758 3899 934 3972 talicensis
955 3907 1003 3966 hic
1025 3906 1202 3985 Septimium
1224 3907 1366 3970 Severum
1388 3922 1418 3970 et
1440 3911 1628 3974 Caracallam
1651 3918 1765 3976 intelle-

441 4013 556 4092 gendos
578 4028 656 4070 esse.
700 4007 821 4068 Certius
848 4009 937 4068 etiam
964 4007 1107 4067 iudicium
1134 4009 1171 4067 de
1193 4008 1248 4069 Cn.
1271 4008 1392 4070 Claudii
1412 4012 1548 4074 Leontici
1574 4024 1670 4076 aetate
1695 4019 1769 4077 ferri

440 4121 548 4191 potest.
596 4110 691 4171 Culus
719 4109 823 4168 titulus
850 4129 917 4168 cum
944 4109 986 4168 ite
1012 4127 1046 4168 88
1072 4111 1193 4169 habeat:
1220 4105 1269 4167 τδν
1288 4105 1492 4196 λαμπρότοιτον
1509 4111 1516 4195 Ι
1534 4111 1667 4174 v‘noerrudv
1688 4109 1734 4175 nul
1760 4123 1766 4196 Ι

439 4206 638 4296 ε’ποινορθωτῆν
656 4211 662 4287 Ι
680 4215 727 4269 Γν.
743 4213 797 4269 Κλ.
811 4203 980 4288 ΛεοντικδνἸ
999 4201 1417 4291 Πο.]“11ρέννιοςΠτολΙε]μιτῒος
1437 4210 1483 4272 τᾶν
1503 4211 1627 4295 ἓαυτΙοῦ]
1649 4209 1696 4274 καὶ
1718 4221 1769 4290 τῆς

439 4309 550 4373 πόλεως
568 4312 573 4388 Ι
597 4300 759 4392 εὐεργέτην,
784 4311 921 4385 quamvis
949 4309 1052 4368 titulus
1074 4311 1204 4386 Megaris
1225 4311 1388 4372 collocatus
1410 4323 1466 4386 est,
1491 4316 1684 4376 dubitandum
1706 4339 1769 4379 non

440 4419 500 4482 est,
526 4411 600 4485 quin
620 4409 670 4467 hic
690 4408 860 4468 Herennius
882 4409 1074 4470 Ptolemaeus
1098 4411 1176 4470 idem
1204 4411 1243 4470 811
1267 4433 1333 4473 cum
1356 4414 1392 4474 P.
1414 4415 1568 4475 Herennio
1590 4418 1766 4478 Ptolemaeo

440 4509 618 4569 Atheniensi
647 4507 768 4566 bomine
801 4525 933 4568 summae
967 4512 998 4570 in
1028 4531 1060 4570 re
1091 4512 1209 4588 publica
1238 4514 1408 4590 dignitatis,
1440 4527 1524 4594 patre
1556 4517 1593 4576 P.
1621 4519 1767 4580 Herennii

439 4606 576 4684 Dexippi
602 4607 756 4683 scriptoris
781 4609 960 4670 nobilissimi
987 4609 1163 4686 (c.1.‚Gr.
1191 4613 1261 4673 380.
1288 4615 1378 4674 Roas.
1403 4616 1490 4676 Deru.
1519 4618 1583 4692 75).
1627 4619 1716 4694 Quod
1737 4623 1767 4679 si

439 4707 482 4767 ita
503 4716 563 4779 est,
589 4708 655 4766 lieri
674 4726 735 4766 non
760 4716 872 4786 potest,
901 4719 933 4769 ut
953 4711 1059 4771 titulus
1085 4713 1171 4771 tertio
1193 4715 1314 4774 saeculo
1335 4718 1487 4794 antiquior
1508 4719 1557 4778 sit.
1600 4719 1767 4798 Hucusque

439 4809 476 4868 de
498 4827 534 4869 eo
556 4807 774 4884 solomonem,
799 4810 879 4887 quod
901 4811 932 4869 in
955 4809 1084 4872 Graecia
1105 4815 1200 4892 gessit
1221 4817 1369 4877 Aemilius
1390 4818 1510 4891 Iuncus,
1533 4819 1606 4879 dixi.
1650 4820 1709 4882 Sed
1732 4833 1769 4882 ut

515 5113 539 5178 ³)
572 5115 723 5168 Pittakislus
752 5115 854 5182 quidem
883 5118 945 5183 legit
973 5121 1309 5187 ΓΝΚΑΛΕΟΝΤΙΚΟΝ,
1335 5123 1381 5173 red
1407 5125 1435 5174 in
1463 5125 1568 5177 Valseni
1596 5127 1697 5178 88881118
1725 5139 1771 5178 cst

438 5215 791 5274 ΓΝΚΛᾸΛΕΟΝΤΙΚΟΝ.
