3750 5990
425 531 499 603 298
728 543 1442 602 uosnnsnsonsnuvsn1ounssr1en.xv.

423 743 470 802 ep.
493 721 523 794 9,
546 721 600 791 373
628 719 699 794 Dig.
724 719 773 790 19,
795 718 824 790 2,
847 718 896 792 25,
918 718 961 794 6).
983 791 986 798 Ι
1005 717 1135 776 Easdem
1160 717 1212 776 lex
1237 713 1379 776 Soloniea
1407 714 1552 786 admittit,
1579 723 1613 772 ιιι
1644 713 1764 772 Pollux

426 823 470 882 ait
491 822 521 893 7,
545 821 618 878 1512
647 812 789 902 ἐπίμορτος
815 821 856 896 γῆ
881 813 960 900 παρά
983 807 1092 878 Σόλωνι
1120 806 1202 886 sileri
1223 807 1295 899 μέρει
1316 810 1525 898 proposuerim,
1544 805 1594 871 scol
1614 810 1711 897 μορτιί
1734 808 1763 870 ri

408 913 505 1002 'piper
529 913 560 976 τδ
590 914 648 976 dno*
676 921 731 976 τῶν
753 921 905 1002 γεωργοῖν·
934 913 964 974 sd
988 911 1015 974 δ’
1037 911 1082 974 ἰπὶ
1102 917 1144 992 τῷ
1167 907 1289 998 τετάρτῳ
1310 907 1382 998 stipes
1404 905 1543 982 νέμεσθαι
1565 906 1764 996 τιτραχῖζειν.

426 1019 585 1082 Eiusmodi
606 1026 789 1078 contractum
810 1037 859 1078 res
873 1019 994 1094 publica
1007 1017 1225 1076 Thisbaeorum
1246 1035 1313 1074 cum
1328 1015 1449 1074 homine
1462 1015 1572 1074 Italico
1592 1015 1639 1072 ita
1662 1015 1765 1072 iacere

427 1121 535 1198 potuit,
556 1128 590 1178 ut
603 1119 713 1178 fundos
736 1137 807 1178 suos
828 1120 856 1177 ei
870 1119 1002 1178 urendos
1021 1117 1153 1176 traderet
1173 1133 1210 1175 ea
1223 1115 1407 1188 condicione,
1430 1123 1464 1174 ut
1476 1115 1616 1175 frumenti
1640 1115 1765 1191 oleique

428 1229 511 1282 certe
531 1237 602 1296 pars
624 1219 665 1277 sd
685 1237 719 1278 se
739 1220 910 1296 pertineret
953 1217 1080 1276 Videtur
1105 1216 1197 1293 igitur
1218 1213 1343 1276 Gnaeus
1366 1215 1462 1274 luisse
1483 1235 1524 1274 ex
1544 1233 1677 1274 numero
1699 1233 1765 1273 ara·

432 1332 530 1382 torum
548 1321 721 1390 Italicorum
741 1320 773 1378 in
793 1319 956 1394 provinciis
978 1318 1173 1388 versantium
1194 1317 1246 1392 qui
1266 1331 1448 1392 quamquem
1469 1315 1567 1374 solum
1587 1316 1677 1392 quod
1700 1335 1766 1374 ara·

430 1424 503 1482 bant
524 1439 614 1498 saepe
636 1438 724 1479 suum
745 1420 886 1492 iecerunt,
911 1419 988 1478 nibil
1008 1418 1141 1495 impedit,
1167 1416 1327 1493 quominus
1349 1417 1437 1474 etiam
1459 1415 1677 1476 conductiones
1700 1417 1765 1475 eins

429 1522 547 1600 generis
568 1521 618 1580 vel
639 1522 666 1580 si
687 1521 783 1598 mogis
804 1520 903 1597 placet
924 1520 1082 1579 societates
1104 1518 1224 1576 inierint
1245 1523 1275 1575 et
1296 1515 1393 1576 sicin
1414 1516 1514 1574 alieno
1536 1517 1663 1576 ararint.
1701 1517 1764 1574 Icm

425 1631 496 1698 post
510 1621 690 1680 deditionem
712 1640 779 1679 cum
801 1640 840 1679 ex
854 1627 1007 1680 contractu
1020 1619 1074 1678 illo
1096 1617 1203 1696 agendi
1217 1618 1265 1676 ius
1282 1634 1400 1676 summo
1414 1616 1479 1676 iure
1501 1616 1540 1676 ad
1553 1616 1763 1676 Romanorum

427 1741 490 1780 rem
517 1720 667 1798 publicam
688 1721 784 1798 magis
810 1727 960 1797 spectaret
988 1737 1079 1796 quam
1108 1718 1147 1776 sd
1168 1718 1389 1777 Thisbaeorum
1415 1715 1487 1776 licet
1510 1717 1702 1788 restitutum,
1727 1734 1763 1774 eo

429 1823 553 1884 Gnaeus
587 1841 625 1882 ne
657 1840 690 1882 se
717 1821 903 1894 defenderet,
939 1821 1099 1880 Thisbeeis
1130 1821 1179 1878 ine
1207 1818 1244 1876 de
1277 1834 1314 1876 eo
1339 1817 1461 1894 negotio
1486 1816 1594 1876 iudicis
1623 1816 1761 1876 sumendi

428 1933 552 1984 senatus
568 1923 626 1982 hoc
647 1925 766 1983 decreto
780 1923 978 1982 confirmavit.
1011 1919 1092 1983 Sane
1105 1921 1179 1980 heec
1199 1935 1260 1978 non
1281 1924 1342 1978 tam
1364 1917 1432 1976 dico
1453 1918 1496 1976 ito
1517 1917 1659 1984 evenisse
1673 1937 1762 1994 quem

428 2024 564 2100 potuisse
585 2025 629 2082 ita
649 2025 784 2097 cvenire;
806 2041 875 2084 nam
896 2024 965 2100 plus
985 2023 1017 2080 in
1039 2021 1150 2080 talibus
1170 2019 1222 2096 qui
1243 2019 1301 2079 sibi
1322 2027 1461 2091 sumeret,
1483 2019 1603 2095 ineptus
1624 2019 1716 2078 foret

507 2121 608 2199 Caput
621 2133 787 2184 extremum
810 2123 850 2200 (c.
866 2121 1004 2197 56-60)
1020 2119 1195 2200 explanavit
1209 2119 1377 2192 Foncartus
1392 2139 1422 2196 p.
1438 2118 1476 2176 et
1500 2118 1610 2177 collatu
1623 2118 1762 2179 clausula

426 2221 518 2280 simili
540 2227 664 2282 senatus
686 2225 817 2284 consulti
838 2224 876 2281 do
896 2222 1018 2282 Iudaeis
1039 2221 1176 2299 (loseph.
1198 2229 1260 2280 ant
1282 2220 1350 2278 Iud.
1372 2219 1420 2290 13,
1440 2217 1541 2296 9,i):
1567 2210 1647 2280 inec
1667 2214 1761 2278 αὐτοῖς

426 2311 494 2404 npc'o
520 2345 551 2379 rs
576 2314 712 2388 βασιλεῖς
743 2314 791 2379 καὶ
823 2313 929 2393 δήμους
955 2312 1136 2404 ἐλευθέρους·
1150 2309 1308 2402 «γράμματα
1323 2377 1325 2384 ,
1340 2313 1427 2377 δῶσιν
1452 2317 1492 2378 sic
1516 2308 1686 2393 ἆσφᾶλιιαν
1713 2320 1760 2384 ris

426 2421 465 2482 sis
486 2411 559 2480 οἷκον
586 2413 734 2481 ἐπανόδου.
778 2422 930 2498 Expectes
956 2439 1030 2482 sanc
1055 2441 1083 2480 v.
1107 2421 1146 2482 57
1175 2416 1273 2480 αὐτοῖς
1293 2433 1349 2496 pro
1370 2410 1545 2485 Θιτβεῦπν,
1571 2419 1626 2476 sed
1652 2419 1759 2478 similis

427 2521 535 2599 parum
557 2524 715 2601 diligenter
736 2523 850 2602 scripto
870 2523 960 2582 etism
982 2521 1056 2580 alibi
1076 2521 1109 2580 iu
1130 2520 1393 2580 senatusconsulto
1415 2518 1604 2592 offendimus,
1630 2527 1760 2578 streete

426 2623 520 2702 legati
546 2624 691 2703 Thisbaei
717 2625 816 2684 Roma
846 2624 967 2708 domum
992 2622 1062 2682 navi
1094 2623 1136 2681 ita
1164 2621 1274 2682 reverti
1301 2627 1476 2696 potnerunt,
1509 2629 1544 2679 ut
1574 2620 1760 2696 appellerent

425 2721 630 2802 Naupactum,
652 2725 734 2802 quod
755 2725 898 2802 oppidum
925 2733 989 2782 tum
1009 2721 1186 2780 Aetolorum
1207 2729 1286 2793 erat,
1312 2730 1343 2779 et
1364 2721 1542 2796 Anticyram
1564 2720 1596 2779 in
1615 2720 1761 2779 Phocide.

428 2821 505 2884 Cum
538 2825 802 2884 commendaticiae
835 2841 895 2882 non
924 2823 1080 2906 petentur¹
1095 2821 1154 2880 nisi
1186 2821 1293 2897 legatis
1319 2820 1553 2892 Thisbseorum,
1585 2821 1661 2880 mire
1693 2837 1757 2879 con·

428 2923 574 2984 ceduntm
587 2917 626 2984 'et
639 2924 800 2983 Thisbseis
822 2933 851 2982 ei
867 2921 1042 2995 Coronaeis,
1064 2923 1118 2999 qui
1140 2920 1288 2982 Coronaei
1309 2930 1464 2997 praetereo
1484 2922 1515 2979 in
1528 2929 1601 2982 toto
1621 2929 1760 2982 senatus·

427 3025 565 3084 consulto
592 3043 652 3085 non
680 3025 880 3086 nominentur.
929 3024 1070 3094 Accedit,
1097 3023 1179 3100 quod
1206 3031 1280 3081 teste
1305 3021 1395 3080 Livio
1421 3039 1457 3080 eo
1482 3022 1551 3098 ipso
1576 3010 1672 3094 anno',
1701 3038 1758 3098 qno

428 3121 566 3182 Coronea
592 3131 683 3198 capte
710 3136 771 3196 est,
797 3143 900 3184 eorum
927 3140 1020 3182 censs
1042 3123 1075 3181 in
1097 3130 1203 3184 senctu
1225 3130 1292 3182 aeto
1312 3131 1372 3194 est,
1400 3131 1433 3180 ut
1454 3121 1549 3180 multo
1571 3131 1641 3182 unte
1663 3124 1702 3183 de
1720 3122 1757 3179 iis

428 3237 520 3296 quam
541 3223 579 3278 de
600 3221 761 3280 Thisbaeis
784 3231 910 3298 *senatus
936 3220 1110 3299 decrerit1).
1153 3221 1255 3296 Quare
1280 3222 1371 3299 legati
1393 3219 1559 3294 Coronaei,
1587 3221 1624 3280 de
1650 3225 1758 3299 quibua

427 3319 486 3378 hoc
507 3319 574 3378 loco
597 3321 710 3398 sgitm,
737 3323 765 3382 si
793 3332 864 3382 suut
890 3323 949 3399 ipsi
970 3323 1007 3394 ii,
1035 3323 1086 3398 qui
1111 3330 1182 3398 post
1209 3323 1463 3400 expugnationem
1486 3340 1607 3382 causam
1628 3323 1696 3382 eius
1717 3321 1759 3380 rei

427 3419 566 3496 publicos
591 3421 622 3480 in
650 3429 756 3484 senatu
776 3432 968 3500 peregerant,
996 3422 1181 3500 aliquamdiu
1202 3430 1273 3498 post
1298 3423 1425 3498 primum
1452 3423 1603 3498 decretum
1628 3423 1659 3481 in
1688 3423 1759 3482 urbe

427 3520 536 3580 morati
565 3522 626 3578 sint
652 3541 774 3583 necesse
800 3531 860 3593 esti
887 3532 920 3581 at
945 3531 1045 3599 potest
1068 3523 1149 3595 fieri,
1179 3530 1213 3582 ut
1237 3523 1290 3582 alii
1318 3523 1380 3584 siut
1399 3523 1527 3584 Romam
1542 3523 1679 3599 proiecti
1702 3541 1759 3581 uns

429 3637 497 3681 oum
519 3618 681 3688 Thisbaeis
701 3637 757 3695 pro
783 3621 891 3680 vicinis
914 3623 977 3682 suis
999 3624 1194 3700 deprecaturi.
1238 3621 1299 3684 Sed
1319 3643 1388 3684 cum
1408 3642 1487 3684 ,vers
1512 3639 1607 3682 cansa
1633 3623 1758 3684 inveniri

428 3728 568 3796 nequeat,
584 3720 658 3796 :plus
680 3719 778 3780 minus
793 3721 1007 3811 verisimilibus
1029 3725 1059 3782 in
1081 3742 1114 3784 re
1128 3724 1240 3784 nullius
1253 3725 1395 3784 momenti
1415 3725 1559 3784 lectorem
1580 3743 1642 3784 uon
1663 3742 1757 3784 mors-

428 3819 539 3882 bimur.

504 3959 528 4022 ¹)
551 3961 640 4011 Livius
653 3961 698 4033 ιβ,
712 3961 738 4022 4,
754 3961 786 4012 ll
807 3959 842 4011 sd
860 3975 884 4010 s.
902 3959 967 4012 est:
992 3959 1154 4012 coemerunt
1171 3961 1257 4014 eadem
1274 3959 1306 4014 tie
1325 3959 1463 4024 Abderites,
1485 3977 1549 4030 quae
1567 3961 1599 4014 de
1622 3959 1756 4014 coenus

428 4049 591 4102 ὀοινιιινωιι
602 4052 694 4119 priore
713 4065 788 4100 auno.
814 4051 956 4102 Fouoartus
975 4067 999 4116 p.
1015 4055 1049 4104 58
1068 4055 1156 4104 nescio
1176 4054 1305 4120 quomodo
1324 4054 1373 4104 sibi
1386 4056 1512 4119 persuasit
1530 4055 1558 4105 iu
1576 4057 1645 4105 cnud
1657 4055 1757 4104 Livium

428 4131 527 4192 errasse
551 4150 578 4192 et
601 4157 669 4192 anno
694 4142 798 4192 demum
820 4143 875 4194 ott
899 4149 1015 4194 senatum
1038 4151 1091 4193 ιιιιιι
1110 4145 1142 4210 dc
1162 4143 1300 4196 'lblsbsels
1324 4155 1401 4210 quom
1419 4145 1452 4195 de
1470 4145 1614 4196 Coronaels
1632 4148 1757 4196 ιιιιιιιιιιι.

429 4232 468 4282 At
491 4245 646 4297 quemquam
667 4233 802 4296 probabile
824 4240 863 4284 ert
887 4233 977 4284 eodem
1001 4234 1056 4294 iere
1081 4237 1211 4300 tempore,
1236 4236 1335 4286 scilicet
1352 4242 1475 4289 autumno
1493 4251 1518 4286 a.
1538 4235 1605 4299 tes,
1628 4238 1756 4290 consulem

427 4323 556 4374 Licinium
575 4321 719 4372 Gorouesm
739 4339 900 4390 expugnasse
918 4332 943 4374 et
961 4333 1107 4390 praetorem
1124 4327 1272 4377 Lucretium
1292 4321 1404 4378 Thisbes
1424 4328 1568 4392 recepisse,
1594 4343 1647 4378 non
1665 4328 1758 4378 mirum

429 4419 467 4460 est
486 4413 518 4461 de
538 4411 679 4463 Coronaeis
698 4416 769 4494 omni
787 4411 885 4480 genua
901 4417 1084 4482 suppliciorum
1103 4416 1215 4480 allectis,
1244 4425 1272 4467 ut
1290 4433 1331 4470 res
1350 4424 1376 4467 et
1395 4417 1558 4470 Graecorum
1576 4425 1602 4470 et
1620 4419 1702 4484 ipsius
1720 4431 1757 4468 se·

340 4493 344 4510 ¹
428 4506 504 4552 ustus
522 4501 726 4566 indignationem
745 4511 868 4565 moveret,
888 4505 933 4554 diu
952 4514 1012 4557 ante
1031 4515 1147 4560 senatum
1162 4505 1310 4560 tractavisse
1329 4524 1407 4574 quam
1426 4510 1460 4560 do
1473 4510 1612 4562 Thisbeels
1631 4511 1757 4560 mitiorem

431 4583 472 4639 v'el
492 4597 560 4641 certe
578 4593 662 4646 minus
681 4595 810 4646 crudelem
833 4594 956 4646 victorem
974 4599 1097 4662 expertis.
1131 4599 1187 4650 Nec
1204 4607 1310 4665 propter
1327 4600 1414 4650 locum
1433 4609 1537 4664 seusina
1556 4601 1667 4652 consulti
1682 4602 1757 4665 plene

430 4679 566 4732 obscurum
593 4700 610 4735 a
629 4685 774 4750 Polybiane
797 4687 945 4738 narratione
968 4687 1066 4752 optime
1090 4690 1243 4740 cohaerente
1268 4689 1452 4742 discedendum
1470 4698 1516 4742 est.
1554 4693 1652 4744 Verum
1675 4691 1758 4740 estin

431 4771 553 4837 perioche
569 4775 638 4826 Livii
655 4775 715 4825 libri
734 4775 769 4826 4³
789 4779 991 4842 expugnationes
1010 4781 1181 4846 complurium
1192 4773 1227 4832 ⁴in
1246 4781 1357 4833 Graecis
1374 4783 1475 4832 urbium
1490 4779 1642 4850 proconsuli
1658 4779 1757 4833 Licinio

429 4865 553 4930 adscribi,
579 4873 606 4916 ct
629 4881 661 4916 ea
684 4865 901 4931 neglegentissimi
925 4871 1057 4934 scriptoris
1081 4875 1195 4923 narratio
1218 4873 1294 4923 cedet
1316 4875 1420 4923 necesse
1442 4881 1480 4924 est
1503 4874 1536 4924 lis
1560 4875 1627 4939 quae
1644 4889 1677 4923 ex
1697 4871 1758 4937 ipris

428 4954 546 5006 Livienls
562 4957 676 5021 reliquiis
694 4957 864 5023 universoque
886 4973 972 5011 rerum
992 4962 1082 5012 ordine
1103 4965 1244 5014 certissime
1263 4963 1427 5027 colliguntur,
1451 4965 1549 5016 scilicet
1567 4965 1688 5016 Crassum
1707 4975 1757 5013 non

432 5044 476 5094 diu
495 5059 542 5109 pro
564 5046 668 5098 consulo
692 5048 774 5112 copiis
791 5050 947 5115 praefuisse,
975 5052 1120 5104 Coroneum
1144 5061 1230 5105 autem
1253 5069 1311 5104 eum
1330 5055 1518 5122 expugnatisse
1537 5055 1681 5118 consulem,
1707 5067 1757 5105 noc

431 5151 478 5197 pro
499 5137 610 5186 consule.

896 5285 1303 5298 ——a-——u--ss—
