3750 5990
525 541 1060 598 oosnavnrrouaseemu.x1n.
1379 530 1453 605 275

128 723 229 784 monio
250 719 413 784 nascituris
435 718 586 778 successio
607 717 693 794 regni
714 717 779 775 eius
802 716 931 776 duretur.
975 715 1114 776 Obtinuit
1142 718 1174 778 id
1201 721 1303 796 puella
1334 725 1456 786 omnino

128 831 253 900 propter
273 830 397 882 matrem
418 837 601 896 quamquam
622 817 733 877 dudum
755 825 843 878 antea
863 816 1032 877 defunctam
1054 819 1152 894 gratia
1172 821 1277 880 domus
1295 824 1457 900 Antoniae,

129 942 221 1002 quam
241 941 277 984 eo
298 922 366 998 ipso
387 930 521 998 tempore
542 920 670 978 multum
691 919 827 996 potuisse
849 919 928 996 apud
948 921 1119 996 Augustum
1141 930 1267 983 constat.
1299 925 1345 985 Ito
1358 927 1456 986 Iulius

129 1024 282 1084 Antonius
297 1023 447 1082 triumviri
461 1021 540 1082 lilius
555 1022 649 1080 donec
670 1021 709 1080 ob
724 1021 957 1080 coniurationem
972 1020 1061 1098 periit
1079 1040 1105 1082 a.
1123 1021 1193 1094 752,
1216 1025 1344 1100 primum
1359 1027 1457 1088 locum

130 1126 210 1203 apud
231 1145 298 1185 eum
318 1123 412 1183 tenuit
426 1133 497 1199 post
510 1123 667 1200 privignos
686 1139 871 1199 uxoremque
892 1121 1000 1182 ducere
1018 1122 1116 1197 potnit
1133 1134 1203 1200 post
1223 1144 1251 1184 a.
1268 1127 1326 1186 733
1343 1130 1458 1189 sororis

131 1226 262 1304 Augusti
287 1225 380 1285 filiam
407 1223 632 1300 Marcellam¹);
666 1223 798 1284 Antonia
829 1223 927 1282 minor
954 1241 1041 1282 soror
1068 1225 1132 1283 eius
1159 1227 1261 1302 nupsit
1287 1245 1312 1288 e.
1340 1247 1368 1288 a.
1396 1229 1456 1290 738

130 1326 233 1386 Druso
265 1325 396 1405 Augusti
429 1325 567 1404 privigno
599 1332 630 1384 et
660 1324 880 1401 quodammodo
913 1324 991 1396 lili03
1028 1323 1190 1402 Cleopatra
1226 1328 1300 1386 adeo
1337 1331 1459 1406 reginae

131 1429 263 1505 Aegypti
279 1429 418 1503 Augusto
439 1425 574 1484 infensae
589 1424 652 1484 filia
667 1425 836 1484 adulterina
850 1425 943 1483 Iubae
957 1424 1118 1486 Numidiae
1131 1427 1212 1504 regis
1226 1427 1289 1487 tilio
1311 1430 1342 1488 in
1357 1431 1459 1490 matri-

132 1528 262 1588 monium
285 1527 356 1585 data
376 1536 406 1584 et
426 1527 494 1602 ipsa
518 1527 633 1602 regium
654 1527 799 1584 honorem
820 1525 930 1602 adepta
950 1533 1006 1584 est.
1049 1525 1166 1586 Horum
1189 1549 1249 1588 non
1271 1531 1395 1607 ignarus
1416 1531 1459 1592 in·

132 1627 261 1704 telleget,
283 1645 335 1686 cur
356 1627 436 1686 alius
458 1626 570 1686 sororis
588 1626 698 1686 dudum
721 1627 877 1686 defunctae
898 1627 962 1685 filia
975 1627 1093 1686 Asiana
1113 1629 1153 1687 ad
1173 1631 1288 1708 regium
1309 1632 1408 1692 locum
1431 1643 1461 1692 et

132 1729 201 1804 ipsa
213 1728 383 1805 pervenerit
396 1733 425 1786 et
439 1727 555 1804 posteri
568 1746 622 1786 cur
636 1726 814 1786 celebrarint
827 1737 953 1786 matrem
967 1729 1032 1786 eius
1045 1729 1210 1790 Antoniam
1224 1725 1273 1802 nlo
1288 1723 1459 1816 εὐεργέτιέα.

217 1825 372 1906 Superest,
400 1835 434 1886 ut
459 1845 556 1906 panca
581 1827 746 1887 adiciemus
777 1830 813 1888 de
838 1830 968 1906 posteris
987 1828 1202 1908 Pythodoridis
1228 1839 1258 1892 et
1277 1833 1461 1908 Polemonis,

133 1929 264 1990 maxime
286 1930 322 1988 de
343 1930 393 2000 iis,
415 1929 466 2004 qui
487 1929 582 1988 Marci
603 1929 730 1987 Antonii
756 1929 906 1989 dicuntur.
948 1929 996 1988 Ea
1016 1931 1140 1989 nomina
1161 1933 1259 1992 adhuc
1279 1933 1461 1995 credidimus

133 2029 284 2108 proficisci
305 2048 324 2088 a
345 2029 464 2088 civitate
485 2029 643 2089 Polemoni
663 2029 774 2090 tributa
796 2048 815 2088 a
834 2031 876 2088 M.
898 2031 1030 2090 Antonio
1052 2031 1215 2106 triumviro,
1239 2035 1353 2112 pariter
1372 2045 1462 2112 atque

133 2129 304 2210 Bosporani
335 2147 423 2208 reges
454 2129 524 2189 inde
550 2150 569 2192 a
594 2131 717 2190 Tiberio
749 2131 938 2208 appellantur
965 2133 1013 2191 Ti.
1042 2131 1121 2192 Iulii.
1164 2133 1207 2192 At
1235 2134 1383 2196 eiusmodi
1411 2139 1462 2198 de·

133 2231 299 2291 nominatio
320 2249 391 2290 num
414 2239 482 2291 ante
504 2231 666 2291 stabilitum
685 2231 801 2291 Romae
821 2232 980 2308 imperium
1005 2235 1068 2311 regi
1090 2242 1196 2293 extero
1217 2255 1277 2294 non
1298 2237 1393 2296 infimi
1414 2258 1463 2298 or·

134 2331 214 2392 dinis
227 2332 301 2391 satis
315 2333 483 2403 conveniat,
497 2332 625 2392 dubitari
639 2339 750 2409 potest;
765 2333 855 2392 hodie
870 2353 940 2392 vero
954 2342 1113 2412 postquam
1132 2337 1273 2413 apparuit
1287 2337 1462 2400 Polemonis

28 2516 34 2528 1
134 2434 245 2493 liberos
267 2453 306 2492 ex
327 2433 532 2509 Pythodoride
559 2441 646 2492 natos
668 2431 848 2492 descendere
870 2453 908 2492 ex
929 2435 1078 2504 Antonia,
1104 2453 1192 2494 nemo
1213 2437 1321 2512 opinor
1342 2441 1464 2516 negabit

135 2533 257 2594 nomina
287 2534 340 2592 illa
371 2552 431 2591 non
458 2553 477 2591 a
502 2533 623 2593 civitate
650 2533 814 2610 proficisci,
841 2534 895 2593 sed
923 2555 942 2592 a
970 2534 1072 2611 stirpis
1093 2536 1228 2614 principe
1249 2539 1284 2614 τῇ
1309 2531 1463 2620 εὖεργὲτιδι

132 2627 278 2708 Ἀντωνίᾳ.
321 2635 357 2693 ld
379 2633 406 2693 si
427 2635 471 2694 ita
491 2645 552 2707 est,
574 2635 743 2694 Zenonides
768 2635 790 2692 ii
815 2635 865 2710 qui
887 2635 1025 2694 dicuntur
1046 2633 1087 2692 M.
1109 2637 1234 2695 Antonii
1256 2654 1317 2696 non
1337 2651 1466 2714 possunt

136 2735 239 2813 quaeri
260 2735 319 2794 nisi
341 2735 417 2793 inter
438 2742 573 2812 posteros
595 2733 820 2812 Pythodoridis.
863 2733 942 2794 Sane
963 2729 1087 2794 P'olemo
1103 2735 1318 2812 Pythodoridis
1340 2739 1465 2802 maritus

136 2839 313 2912 ubicumque
334 2843 516 2894 memoratur
537 2845 567 2894 et
588 2837 667 2912 apud
682 2844 818 2895 auctores
839 2845 869 2894 et
885 2835 916 2893 in
931 2836 1060 2896 nummis
1074 2836 1239 2913 titulisque,
1261 2839 1343 2898 aliud
1356 2859 1466 2902 nomen

137 2955 197 2997 non
226 2935 357 2996 adsumit
383 2937 443 2994 nisi
470 2938 500 2995 in
529 2937 658 2996 nummis
686 2936 750 2995 suis
775 2925 937 2999 Εὐσεβοῦς.
980 2936 1081 2997 Etiam
1107 2937 1194 2997 liberi
1222 2939 1286 2999 eius
1313 2941 1344 3000 in
1374 2942 1467 3002 docu-

137 3039 246 3098 mentis
267 3039 356 3098 certis
377 3037 497 3096 nomine
511 3035 648 3095 Romano
671 3036 835 3106 abstinent;
856 3035 983 3112 denique
1005 3035 1130 3098 ultimus
1149 3057 1205 3098 rex
1220 3038 1311 3100 Ponti
1329 3041 1466 3118 Polemo,

139 3159 227 3218 quem
253 3138 467 3217 Pythodoridis
493 3144 630 3215 nepotem
657 3135 758 3215 potius
784 3154 875 3212 quam
901 3136 996 3196 lilium
1021 3137 1117 3198 luisse
1138 3139 1390 3219 Waddingtonius
1416 3145 1469 3204 do-

139 3241 210 3314 cuit,
232 3242 263 3299 in
283 3239 412 3299 nummis
434 3239 491 3298 hoc
513 3239 610 3298 solum
632 3255 739 3296 nomen
762 3237 871 3313 posuit.
907 3237 948 3296 M.
971 3239 1097 3298 Antonii
1118 3239 1167 3299 vel
1189 3251 1268 3300 certe
1290 3245 1416 3304 Antonii
1437 3247 1468 3306 iu

139 3341 196 3401 bac
222 3341 335 3402 familia
360 3340 412 3418 qui
440 3339 578 3399 dicuntur
605 3347 667 3398 tres
694 3345 779 3410 sunt,
807 3337 923 3415 primus
951 3339 1036 3398 cuius
1062 3349 1168 3399 extant
1197 3345 1311 3402 nummi
1347 3347 1393 3405 sic
1423 3348 1469 3406 in-

141 3443 258 3522 scripti:
291 3447 330 3499 M.
351 3433 498 3498 Ἀντωνίου
517 3430 690 3508 ,Πολέμωνος
722 3428 878 3521 ἀρχιερέως
910 3428 1053 3496 δυνάστου
1078 3431 1211 3506 Ὀλθὲων
1240 3436 1292 3514 τῆς
1319 3445 1396 3529 ἱερᾶς
1420 3439 1469 3506 καὶ

141 3543 289 3604 Kennateis
310 3529 358 3599 nai
372 3531 548 3598 Λαλασσέων
569 3531 677 3616 ἕ(τους)
699 3529 717 3596 ι’
738 3539 786 3598 vel
808 3528 856 3608 ια’,
878 3539 930 3614 qui
951 3556 1011 3615 quo
1032 3549 1165 3618 tempore
1185 3543 1306 3617 vixerit,
1327 3546 1388 3624 ipsi
1410 3567 1470 3610 non

143 3639 331 3723 aperiunt²);
354 3639 461 3700 deinde
482 3640 508 3698 is
531 3640 584 3716 qui
603 3639 774 3698 nominatur
791 3639 824 3698 in
838 3640 967 3699 nummis
990 3643 1092 3716 oppidi
1106 3641 1286 3720 Laodiceae,
1307 3647 1338 3706 in
1360 3649 1470 3726 quibus

143 3741 181 3806 ab
203 3763 264 3804 una
284 3749 369 3820 parte
388 3741 498 3817 legitur
523 3733 610 3808 δῆμος
630 3727 789 3796 nectantur
813 3728 862 3796 uui
886 3733 1056 3822 Ζμυρναῖων,
1088 3743 1126 3800 ab
1154 3745 1250 3804 altera
1274 3736 1319 3804 ieri
1351 3741 1469 3832 ἱερέως)

145 3823 369 3924 [clibanicius
384 3829 575 3916 Πο(λε’μωνος)
589 3833 652 3898 iuri
664 3828 788 3909 Ζήνωνος
801 3833 831 3898 τὸ
848 3829 883 3914 δ’,
896 3841 1147 3917 similibusque,³)
1163 3861 1240 3918 quos
1256 3847 1411 3922 probabile
1425 3861 1473 3910 est

142 3963 232 4008 cusos
252 3961 323 4045 esec
342 3941 557 4020 imperantibus
580 3935 707 3998 Claudio
735 3949 764 3998 et
784 3937 919 4014 Nerone;
947 3941 1052 4000 tertius
1082 3941 1219 4018 sophista
1238 3946 1390 4006 Antonius
1411 3947 1471 4007 Po·

223 4232 246 4297 ¹)
264 4230 396 4285 Plutarch.
414 4231 513 4281 Anton.
534 4229 577 4280 st.

221 4323 247 4390 ¹)
264 4323 443 4389 Waddlngton
460 4323 479 4372 1.
498 4337 520 4372 c.
539 4337 565 4386 p.
587 4321 638 4370 121
659 4333 703 4370 eos
722 4319 801 4370 refert
819 4317 853 4370 ad
872 4333 897 4370 a.
917 4319 979 4370 724.
1000 4319 1066 4382 725ς
1086 4317 1132 4370 sed
1150 4327 1253 4386 praeter
1271 4321 1298 4373 ld
1311 4323 1472 4392 quodmpra

146 4418 337 4469 observavimus
356 4425 388 4466 ea
406 4417 490 4465 aetate
507 4413 607 4463 uadum
626 4409 711 4462 adhuc
729 4425 784 4462 esse
802 4411 917 4476 potuisse
934 4409 973 4462 M.
992 4411 1136 4461 Antonium
1149 4411 1326 4478 Polemonem,
1346 4417 1473 4469 eiusmodi

146 4509 271 4575 temporis
287 4505 469 4558 determinatio
486 4503 624 4555 difficulter
642 4503 794 4554 conciliatur
811 4517 869 4552 cum
887 4503 928 4564 iis,
948 4515 1013 4567 quae
1031 4501 1064 4553 de
1076 4501 1228 4554 Olbenslum
1246 4503 1367 4570 dynastia
1378 4509 1473 4562 Strabo

146 4601 243 4652 scribit.

225 4688 251 4752 ⁸)
269 4688 447 4752 Waddington
465 4685 483 4736 1.
503 4701 525 4736 c.
544 4700 571 4749 p.
592 4685 654 4747 131,
673 4683 717 4750 qui
736 4682 821 4734 eidem
839 4683 939 4735 bomini
957 4683 1073 4736 attribuit
1088 4699 1209 4740 nummos
1229 4687 1295 4740 elios
1312 4689 1475 4744 Laodicenos

149 4787 209 4842 tres,
228 4779 366 4845 inquibus
384 4791 478 4828 nomen
497 4777 534 4826 sic
554 4775 669 4826 effertur:
690 4769 732 4823 tet
751 4769 781 4821 le.
817 4765 929 4838 Ζήνωνος
946 4773 998 4823 Πο.
1013 4771 1047 4823 ul.
1060 4765 1090 4825 sci
1110 4765 1133 4824 δ’
1147 4774 1337 4846 etllallpuroe
1355 4777 1411 4830 υἱοῦ
1422 4770 1475 4844 Zef-

151 4885 232 4926 νωνος.
269 4869 369 4919 Horum
387 4868 439 4918 duo
458 4867 565 4918 nomina
582 4865 679 4918 habent
697 4863 799 4916 Claudii
818 4871 844 4914 et
861 4865 987 4929 Neronis,
1012 4867 1077 4917 duce
1098 4867 1212 4933 reliquos
1230 4870 1372 4922 litterarum
1390 4871 1474 4922 forms

151 4968 177 5013 et
195 4960 257 5013 artis
276 4959 430 5025 proprietate
449 4959 626 5012 Neronianum
645 4963 745 5022 tempus
764 4956 859 5008 referre
878 4957 1096 5022 Waddingtoniae
1114 4959 1210 5010 scribit.
