3750 5990
524 561 825 616 oessevnmosus
841 561 961 614 neree.
981 562 1044 613 xv.
1371 548 1444 621 295

120 743 165 791 est
186 733 278 792 sociis
306 731 408 810 populi
430 731 560 791 Romani
580 732 629 791 ius
650 732 746 791 luisse
773 733 961 792 sacrificandi
983 733 1014 790 in
1036 730 1186 810 Capitolio
1207 733 1379 816 donumque
1405 743 1448 803 ibi

120 831 246 908 ponendi
274 832 316 908 (v.
344 831 405 892 vol.
433 831 449 890 I
477 849 507 907 p.
532 833 606 904 113,
631 832 703 890 item
730 853 759 890 n.
782 833 853 892 bet.
876 831 947 892 588.
970 831 1046 905 5893
1074 835 1145 893 rim.
1166 835 1286 896 Forsob.
1317 841 1344 911 l,
1371 841 1447 918 347)

121 951 180 1008 qno
201 935 266 994 iure
281 951 349 992 cnm
370 933 423 992 alii
440 932 548 992 Boeoti
569 939 632 992 tum
647 931 791 992 Thisbaei
812 939 882 992 anie
901 933 950 992 usi
965 933 1026 993 sint
1042 951 1166 994 necesse
1187 945 1243 1010 est,
1264 955 1331 997 cum
1347 943 1447 1002 socios

121 1033 252 1092 Boeotos
284 1033 395 1092 diserte
427 1033 557 1110 appellet
581 1032 688 1091 Livius
718 1031 782 1108 (42,
809 1033 860 1106 40,
886 1032 929 1110 8).
979 1033 1045 1092 lam
1082 1034 1227 1095 Thisbaei
1263 1047 1383 1115 petunt,
1416 1053 1449 1102 ut

119 1151 225 1192 aurum
251 1133 289 1191 ad
316 1152 382 1192 eam
408 1151 472 1192 rem
498 1132 654 1203 sedatum,
683 1150 862 1209 quamquam
885 1153 939 1211 per
964 1133 1145 1194 deditionem
1167 1146 1197 1198 et
1216 1137 1316 1212 ipsum
1336 1141 1447 1202 factum

120 1233 269 1309 publicum
290 1233 394 1311 populi
407 1233 547 1305 Romani,
569 1233 764 1294 nihilominus
786 1233 844 1292 sibi
865 1233 1017 1306 reddetur,
1039 1243 1073 1293 ut
1093 1235 1173 1294 dono
1194 1238 1328 1312 perlecto
1349 1241 1448 1302 denuo

118 1334 268 1392 sociorum
288 1333 336 1394 ius
357 1333 432 1392 illud
451 1342 598 1410 usurpent
618 1342 648 1391 et
668 1351 705 1390 ea
725 1333 792 1410 ipsa
811 1353 844 1392 re
865 1334 993 1392 societas
1015 1333 1113 1394 denuo
1133 1336 1334 1398 confirmetur.

201 1431 359 1510 Capitibus
371 1434 487 1493 duobus
498 1452 576 1510 quae
587 1441 752 1510 sequuntur
766 1439 852 1492 sexto
864 1433 907 1508 (v.
920 1433 1057 1510 35-40)
1071 1441 1102 1494 et
1116 1437 1244 1512 septimo
1255 1437 1298 1514 (v.
1310 1439 1448 1519 40-45)

118 1540 184 1592 arte
206 1533 372 1592 coniunctis
393 1543 515 1593 cavetur
536 1534 573 1592 de
595 1533 755 1593 Thisbaeis
776 1534 871 1610 partis
893 1534 1102 1593 Macedonicae
1122 1536 1248 1596 ducibus
1270 1548 1321 1598 aut
1334 1539 1450 1603 Romae

120 1633 287 1692 detinendis
315 1640 368 1692 aut
393 1643 472 1692 certe
500 1654 520 1693 a
545 1633 645 1710 patria
670 1633 822 1706 arcendis,
849 1634 893 1692 sic
917 1633 980 1692 iere
1007 1643 1041 1693 ut
1066 1643 1135 1711 post
1159 1637 1270 1696 bellum
1292 1639 1449 1702 Persicum

122 1751 175 1808 per
196 1734 366 1792 universam
382 1731 543 1793 Graeciam
563 1735 676 1793 iactum
698 1751 768 1794 esee
790 1733 895 1792 scribit
908 1731 1055 1811 Polybius
1077 1735 1143 1810 (30,
1166 1737 1203 1796 13
1223 1738 1304 1814 [1013
1326 1741 1365 1800 cl.
1380 1741 1449 1802 Liv.

120 1831 170 1904 35,
185 1833 249 1908 31).
286 1833 366 1893 Tota
378 1851 428 1892 res
443 1835 625 1910 permittitur
638 1835 771 1911 praetori
793 1835 918 1906 urbano,
940 1853 1037 1911 neque
1059 1835 1111 1896 alii
1130 1835 1184 1895 ulii
1197 1839 1329 1912 permitti
1343 1843 1449 1918 potuit,

121 1949 188 1990 cum
209 1941 239 1991 et
259 1933 399 1993 eonsules
421 1943 452 1993 et
472 1943 592 2011 praetor
612 1933 789 2012 peregrinus
812 1934 850 1993 ab
871 1935 945 1993 urbe
967 1929 1152 2012 abesseut¹).
1196 1937 1287 2012 Apud
1308 1959 1376 1999 enm
1396 1961 1449 2002 no·

119 2033 202 2091 mina
233 2031 314 2092 edita
347 2033 409 2093 sint
435 2051 560 2092 necesse
592 2044 640 2093 est
669 2053 787 2106 eorum,
820 2053 840 2092 a
867 2034 977 2109 quibus
1011 2034 1177 2096 adversarii
1209 2037 1267 2096 sibi
1297 2039 1449 2115 timerentt

118 2131 201 2190 edita
227 2141 325 2194 sotem
352 2141 422 2193 sunt
447 2133 569 2192 omnino
597 2153 616 2192 a
637 2133 798 2194 Thisbaeis
820 2133 935 2194 Romae
963 2135 1163 2208 morantibus,
1190 2143 1224 2195 ut
1247 2137 1393 2201 insimili
1414 2163 1448 2203 re

119 2231 231 2292 diserte
252 2235 295 2292 ait
316 2233 464 2312 Polybius
486 2233 506 2293 1.
528 2253 554 2292 c.
597 2233 734 2305 Praetor,
761 2234 812 2311 qui
833 2233 931 2293 edicto
952 2251 1005 2294 eos
1026 2234 1133 2294 adesse
1154 2237 1246 2310 iubet,
1268 2239 1335 2300 sine
1357 2243 1448 2301 dubio

117 2333 144 2391 is
174 2333 241 2409 ipse
268 2331 360 2408 esti).
409 2333 502 2392 Recte
529 2343 629 2393 autem
651 2333 819 2393 Poucartus
847 2353 887 2392 ex
913 2335 1013 2393 serbis
1041 2338 1295 2396 senatusconsulti
1328 2341 1450 2418 collegit

117 2432 278 2509 plerosque
299 2452 418 2506 eorum,
441 2434 478 2492 de
500 2435 610 2510 quibus
632 2443 753 2510 agatur,
781 2451 817 2492 eo
839 2442 974 2510 tempore
992 2434 1108 2498 Romae
1129 2443 1183 2492 eut
1202 2443 1283 2495 certe
1303 2437 1335 2495 in
1356 2439 1448 2500 Italia

117 2533 225 2608 egisse,
248 2535 365 2594 scilicet
384 2533 530 2593 adductos
552 2552 598 2606 eo,
619 2541 779 2609 postquam
800 2532 834 2592 O.
850 2533 1008 2594 Lucretius
1029 2531 1142 2610 oppido
1155 2535 1268 2610 potitus
1290 2545 1344 2595 est.
1380 2539 1448 2599 Hos

117 2632 208 2708 igitur
227 2639 348 2705 praetor
369 2633 500 2690 urbanus
520 2651 576 2707 pro
601 2651 635 2690 re
659 2639 711 2693 aut
731 2632 852 2690 domum
874 2631 1004 2691 dimittet
1023 2641 1076 2689 ant
1095 2632 1126 2689 in
1149 2633 1222 2691 orbe
1243 2634 1342 2694 Roma
1362 2625 1448 2716 oppi-

117 2731 204 2792 disve
217 2729 323 2789 Italiae
344 2731 497 2802 detinebit,
518 2731 619 2808 quoad
640 2730 667 2788 ei
687 2733 953 2792 successoribusve
974 2731 1039 2792 eius
1061 2733 1262 2814 erepublica
1281 2751 1350 2796 esse
1364 2739 1449 2798 vide·

115 2831 207 2889 bitur.
250 2828 310 2903 Qui
330 2837 441 2889 'eorum
468 2849 508 2889 ex
529 2831 619 2889 Italia
643 2829 765 2888 domum
791 2830 953 2889 rediissent
979 2831 1027 2888 rel
1049 2832 1169 2890 omnino
1194 2833 1226 2890 in
1247 2834 1365 2897 Italiam
1387 2857 1448 2899 non

118 2931 282 3001 venissent,
302 2949 405 2990 eorum
426 2931 608 3006 nequiquam
629 2929 788 2988 citatorum
809 2927 932 2988 nomina
950 2938 1072 2989 senatus
1094 2931 1176 2990 iubet
1196 2951 1263 2992 eum
1277 2945 1446 3013 praetorem

116 3030 205 3090 edere
226 3030 343 3090 consuli
368 3049 405 3090 eo
430 3038 563 3106 tempore
585 3027 789 3088 Macedoniam
816 3030 1000 3105 provinciam
1022 3029 1177 3104 obtinenti,
1203 3035 1288 3095 utin
1309 3055 1362 3097 eos
1384 3041 1448 3100 ani-

117 3130 283 3190 madvertat
304 3129 376 3205 (hoc
395 3131 474 3190 cuim
494 3129 612 3190 videtur
634 3129 797 3208 significari
812 3115 937 3190 Graecis
960 3129 1059 3190 verbis
1078 3121 1139 3214 trapi
1160 3122 1267 3190 ratitum
1281 3137 1346 3194 νοῦν
1359 3161 1447 3222 προσ·

117 3221 176 3307 ixii
198 3230 306 3290 Latine
332 3231 428 3308 magia
460 3247 551 3306 qnam
575 3228 691 3290 Graece
722 3229 919 3306 accipiendis)
944 3239 975 3290 et
1000 3231 1130 3290 maxime
1155 3241 1254 3307 curet,
1282 3255 1321 3296 ue
1346 3238 1446 3300 locum

116 3348 206 3408 quem
227 3333 368 3402 antesin
388 3332 489 3408 patria
509 3331 701 3390 obtinaemnt
720 3330 875 3406 recipiant.

198 3429 306 3508 Capite
326 3439 432 3490 octavo
454 3431 498 3508 (r.
514 3431 652 3506 46-49)
675 3437 705 3489 et
719 3447 799 3490 nono
822 3429 864 3504 (v.
880 3427 1102 3504 ιο-ιι)1ιιιιι
1117 3431 1284 3493 coniunctis
1306 3440 1447 3499 statuitur

116 3530 155 3588 de
180 3531 356 3592 mulieribus
381 3531 478 3590 tribus
505 3530 679 3602 Thisbaeis,
711 3545 788 3604 quas
816 3525 851 3584 G.
878 3525 1049 3588 Lucretium
1081 3541 1207 3607 apparet
1237 3533 1269 3592 in
1295 3554 1446 3599 carcerem

116 3630 282 3690 coniecisse
306 3633 382 3690 duae
403 3627 639 3704 Xenopithidem
666 3636 697 3685 et
721 3625 890 3684 Mnasidem
912 3624 1071 3700 Chalcide,
1099 3631 1216 3690 tertiam
1239 3633 1445 3698 Democritum

110 3729 242 3788 Thebis.
285 3729 348 3786 Eae
368 3729 510 3786 iubentur
530 3727 648 3798 dimitti,
671 3733 704 3783 ut
725 3724 856 3783 Thisbes
881 3743 919 3782 ne
940 3727 1071 3784 redeant
1116 3727 1233 3788 Deinde
1254 3750 1321 3793 oum
1342 3756 1445 3796 earnm

119 3827 240 3886 nomine
261 3827 447 3904 postulatum
468 3834 565 3898 esset,
591 3831 625 3883 ut
651 3825 688 3882 de
713 3823 824 3883 iniuria
849 3823 907 3882 sibi
936 3824 1021 3881 illata
1046 3825 1125 3900 apud
1146 3837 1313 3904 praetorem
1335 3836 1386 3912 agi
1407 3836 1444 3895 iis

195 4145 219 4210 ¹)
242 4147 384 4199 lionoartns
402 4163 428 4212 p.
442 4149 478 4198 44
496 4153 556 4212 apte
574 4147 734 4211 comparavit
746 4145 831 4196 locum
850 4161 883 4196 ex
902 4147 1013 4210 epistula
1024 4148 1185 4211 proconsulis
1197 4149 1230 4212 Q.
1243 4149 1318 4203 Fabii
1330 4153 1442 4208 Maximi

115 4239 186 4293 (21.
200 4237 247 4292 Gr.
262 4239 346 4290 15482
365 4227 496 4306 Τιμᾶθιιν
514 4233 543 4287 di
560 4231 637 4288 tiela
711 4233 855 4300 Kalinos-e]
875 4223 991 4305 upoeiysss
1009 4236 1045 4294 alc
1063 4227 1165 4304 Ῥιῖμην,
1186 4231 1290 4307 δράσας
1312 4239 1350 4312 ip’
1368 4235 1388 4310 ᾇ
1411 4245 1444 4320 τῇ

114 4324 295 4397 vespresiensi
313 4325 467 4392 iv[ss·ri.'·ro]c
483 4323 555 4378 ieras
574 4325 626 4378 isti
641 4325 682 4377 sui
699 4321 837 4396 Ιμφανίσας
854 4325 888 4390 uqi
907 4324 946 4376 tet
962 4324 1008 4378 ιῦν
1019 4323 1093 4395 gisus
1106 4328 1254 4397 σιραιηῡῶ,
1274 4317 1349 4398 irak
1367 4326 1397 4386 ἂν
1409 4328 1443 4406 μή

114 4395 236 4488 espissiae
249 4408 359 4468 isicem
371 4406 433 4486 apic
446 4410 522 4482 οἶκον,
543 4408 584 4467 tiu
597 4409 631 4486 issi
644 4451 730 4468 ......
744 4418 848 4468 atinde
866 4417 1026 4470 effeciteam
1045 4433 1133 4470 euram
1151 4420 1186 4470 sd
1203 4429 1350 4486 praetorem
1368 4443 1442 4492 pere-

114 4513 219 4576 gripum
237 4512 350 4562 maxime
368 4510 530 4574 spectavisse.
558 4511 645 4560 Etiam
662 4508 809 4562 Boeckblus
826 4510 854 4558 ln
873 4511 1057 4560 commentario
1070 4511 1088 4560 l.
1102 4525 1125 4561 c.
1144 4521 1279 4563 monuerat
1295 4524 1441 4580 praetorem

115 4602 281 4666 peregrinum
298 4600 500 4664 intellegendum
518 4613 574 4650 esse
591 4600 659 4664 apud
671 4599 816 4663 Polybium,
836 4599 881 4649 nbi
900 4601 937 4649 ait
954 4599 1009 4664 (32,
1024 4601 1049 4662 9,
1065 4600 1092 4661 b)
1110 4607 1139 4650 nt
1157 4601 1206 4652 sibi
1224 4603 1313 4655 liceret
1331 4608 1358 4657 in
1377 4609 1441 4660 urbe

113 4705 224 4742 manere
246 4691 395 4756 Scipionem
420 4697 446 4742 ιι
468 4689 579 4742 Fabium
602 4703 620 4740 a
642 4695 761 4754 praetore
784 4689 970 4754 impetravisse.
1019 4689 1092 4750 Quae
1115 4696 1144 4740 ιι
1165 4692 1334 4757 probabiliter
1357 4701 1442 4762 posita

113 4787 185 4842 suut,
202 4781 240 4830 ita
257 4795 310 4830 nnn
328 4781 480 4846 impediunt,
499 4781 636 4847 quominus
655 4777 687 4840 Q.
706 4779 811 4830 Maenio
830 4793 886 4831 scre
903 4781 1003 4832 urbana
1020 4780 1149 4845 obtigerit,
1169 4786 1291 4848 quoniam
1309 4801 1387 4851 supra
1405 4791 1441 4838 vi.

115 4869 204 4922 dimns
222 4885 280 4920 eum
300 4870 363 4922 item
380 4871 450 4922 vieee
466 4872 558 4926 lecim
575 4871 701 4936 praetoris
718 4869 855 4936 peregrini.

195 4957 220 5021 ¹)
244 4960 289 5012 Ad
302 4959 333 5011 (i.
345 4961 492 5013 Lucretium
505 4963 636 5028 quomodo
654 4961 796 5013 Poncartus
815 4961 865 5012 boo
881 4961 979 5012 reione
990 4962 1108 5025 potuerit,
1128 4977 1181 5013 non
1193 4965 1329 5030 perspicio.
1357 4967 1442 5018 Immo

113 5063 160 5100 ιιι
178 5050 290 5112 ιιιιιιιιι,
312 5057 437 5116 quatenus
454 5054 481 5103 iu
499 5055 576 5106 Italia
593 5053 741 5119 peragenda
760 5059 806 5114 est,
825 5053 939 5116 praetori
956 5051 1056 5103 urbano
1075 5053 1250 5116 committitur,
1273 5061 1399 5120 ιιιιιιιιιι
1415 5059 1442 5107 in

113 5139 281 5203 Macedonia,
299 5142 407 5194 comui.

1172 5231 1236 5289 21⁴³
