3858 5960
382 495 453 568 148
574 539 589 565 .
950 509 1133 562 nouussu

379 692 463 757 vent;
475 687 577 744 immo
598 683 690 742 simili
710 681 841 753 licentia,
863 681 983 757 qualem
1001 681 1032 738 in
1047 678 1245 756 primogenito
1260 676 1323 734 filio
1338 675 1601 752 deprehendimus,
1622 682 1707 753 pater

380 788 408 845 ei
439 783 627 845 Scriboniani
659 801 822 860 cognomen
853 781 1000 840 indidisse
1027 779 1144 838 videtur
1173 778 1213 836 ad
1241 784 1405 836 maternam
1435 777 1581 852 originem
1611 776 1710 834 decla·

381 886 514 946 randam.
1214 897 1219 900 ·

465 987 494 1043 4.
537 983 576 1043 L.
591 981 996 1058 PisoFruptLtcintanua1)
1018 980 1099 1056 quod
1120 979 1304 1056 gentilicium
1325 977 1473 1049 habuerit,
1495 985 1655 1054 antequam
1672 977 1710 1034 ab

382 1088 561 1162 imperatore
583 1082 682 1144 Galba
702 1083 862 1158 adoptatus
883 1089 943 1152 est,
965 1099 1025 1139 non
1047 1079 1187 1150 traditur3
1212 1078 1388 1138 crediderim
1411 1087 1510 1138 tamen
1530 1079 1620 1155 plene
1636 1059 1709 1135 ¹euru

384 1185 566 1263 appellatum
587 1201 654 1243 esse
675 1183 713 1240 L.
739 1183 928 1258 0616666166
948 1182 1079 1241 Pisonem
1102 1181 1194 1256 Fbcpi
1213 1180 1412 1251 1661616666,
1433 1197 1494 1238 666
1515 1167 1596 1254 quod
1618 1179 1711 1253 adop·

385 1287 466 1346 tione
493 1305 532 1344 ex
552 1283 671 1342 Licinia
693 1284 781 1342 domo
802 1283 834 1340 in
856 1280 1051 1359 Calpurniam
1072 1281 1240 1352 transierit,
1268 1299 1345 1357 quae
1366 1289 1413 1338 est
1433 1280 1536 1357 opinio
1557 1279 1646 1338 hodie
1667 1298 1713 1337 re·

385 1392 487 1462 cepta,
515 1383 569 1443 sed
590 1383 693 1442 cadem
715 1383 769 1442 illa
789 1383 883 1460 patris
904 1383 936 1440 in
958 1382 1127 1442 nominibus
1148 1380 1336 1458 imponendis
1359 1381 1492 1458 gloriosa
1513 1380 1650 1452 licentia,
1674 1379 1713 1438 de

386 1504 446 1562 qua
477 1503 569 1562 supra
600 1485 741 1543 diximus.
791 1482 871 1543 Nam
902 1484 1029 1560 primum
1058 1483 1177 1540 cuinam
1205 1481 1315 1540 Pisoni
1342 1481 1436 1558 Frugi
1463 1482 1493 1540 in
1521 1480 1712 1556 adoptionem

386 1585 453 1643 dari
478 1585 622 1660 potuerit,
648 1591 762 1644 tantum
790 1585 890 1656 abest,
919 1593 952 1642 ut
978 1583 1175 1643 demonstrari
1201 1582 1314 1660 possit,
1343 1589 1376 1640 ut
1403 1600 1468 1641 eam
1493 1581 1618 1658 stirpem
1639 1581 1713 1640 satis

387 1692 505 1744 constet
530 1685 714 1760 aliquantum
741 1694 829 1742 antea
853 1685 968 1746 finiisse
991 1685 1024 1743 in
1048 1685 1126 1762 ipsis
1152 1683 1279 1743 Liciniis
1302 1681 1431 1743 Crassis.
1474 1681 1593 1742 Deinde
1619 1681 1714 1740 oredi-

387 1786 448 1844 bile
473 1794 519 1844 est
539 1785 678 1844 Tacitum
704 1785 893 1862 adoptionem
919 1786 983 1844 eius
1009 1785 1041 1844 in
1067 1791 1185 1862 gentem
1212 1783 1376 1860 Sulpiciam
1397 1783 1572 1842 referentem
1594 1801 1714 1859 praece·

389 1885 476 1944 dente
502 1885 598 1944 altera
624 1904 690 1944 eam
715 1902 775 1943 uon
802 1885 919 1944 silentio
946 1886 1175 1962 praeteriturum
1195 1885 1301 1944 luisse.
1344 1885 1483 1961 Denique
1504 1894 1538 1942 ut
1557 1884 1620 1942 filio
1641 1891 1713 1942 natu

389 1985 520 2044 maximo
541 1993 627 2062 pater
647 1986 755 2044 indidit
776 1987 898 2046 nomina
918 1987 1024 2062 proavi
1045 1986 1172 2044 materni
1194 1983 1249 2048 cn.
1271 1986 1410 2062 Pompeii
1431 1985 1547 2063 Magni,
1573 1984 1617 2042 ita
1636 1986 1716 2043 hunc

390 2083 463 2142 natu
484 2085 639 2144 minimum
660 2087 814 2164 appellare
834 2087 931 2163 potuit
951 2087 1121 2146 nominibus
1143 2088 1191 2146 avi
1213 2085 1330 2164 paterni
1345 2085 1490 2171 naturalis
1505 2084 1541 2143 L.
1559 2083 1716 2163 Calpurnii

390 2185 512 2244 Pisonis
535 2185 642 2262 Frugi,
668 2187 739 2246 item
767 2195 802 2246 nt
829 2187 917 2246 tertio
943 2187 1005 2246 filio
1032 2206 1051 2244 a
1075 2197 1210 2246 materna
1237 2194 1325 2264 gente
1348 2185 1552 2256 Scriboniani,
1581 2187 1625 2244 ita
1649 2187 1717 2245 huic

391 2304 410 2342 a
435 2303 490 2344 sua
514 2287 623 2346 addere
649 2305 813 2364 cognomen
834 2287 993 2346 Liciniani.
1014 2319 1052 2330 -
1083 2287 1183 2350 Natus
1204 2288 1279 2347 Piso
1302 2307 1329 2346 a.
1346 2287 1384 2346 38
1409 2287 1500 2362 (Tac.
1523 2287 1595 2346 hist.
1619 2289 1647 2358 1,
1661 2287 1717 2364 48)

391 2405 410 2442 a
432 2383 532 2445 Galba
559 2389 686 2464 primum
712 2395 891 2447 testamento
917 2389 949 2446 iu
975 2390 1055 2448 bona
1080 2397 1111 2447 et
1136 2407 1244 2448 nomen
1266 2389 1398 2447 adscitus
1420 2385 1518 2464 (Suet.
1539 2385 1631 2446 Galb.
1655 2387 1716 2462 17),

392 2485 499 2544 deinde
529 2505 556 2545 a.
579 2487 617 2546 69
649 2490 726 2547 iuter
753 2489 839 2548 vivos
870 2489 1030 2566 adoptatus
1054 2490 1213 2565 factusque
1239 2490 1283 2548 ita
1308 2486 1373 2549 Ser.
1401 2487 1552 2564 Sulpicius
1578 2487 1717 2564 Galba²)

392 2594 461 2662 post
482 2604 594 2660 paucos
616 2589 681 2647 dies
702 2607 768 2646 cum
791 2599 874 2664 patre
895 2591 1037 2664 adoptivo
1055 2591 1153 2666 periit.
1189 2591 1323 2650 Uxorem
1339 2589 1443 2647 babuit
1458 2588 1620 2646 Veraniam
1643 2588 1718 2664 (Ta-

392 2685 468 2743 citus
489 2687 560 2745 hist.
584 2687 612 2760 9,
629 2689 683 2758 47;
706 2689 786 2747 Plut.
804 2687 894 2747 Galb.
908 2689 963 2762 283
987 2690 1067 2749 Plio.
1088 2709 1135 2767 ep.
1152 2689 1180 2763 2,
1197 2689 1246 2762 20,
1263 2689 1310 2766 2);
1334 2689 1413 2748 lilios
1436 2708 1505 2748 num
1528 2697 1600 2766 post
1620 2707 1652 2748 se
1674 2708 1718 2746 re·

392 2785 522 2861 liquerit,
544 2787 707 2863 ignoratur.

477 2886 504 2944 5.
548 2887 666 2946 Licinia
687 2889 800 2965 1116966
825 2890 905 2948 tituli
931 2893 1037 2950 urbani
1063 2892 1214 2950 notissimi
1240 2891 1313 2950 editi
1339 2901 1369 2950 et
1394 2890 1467 2948 alibi
1493 2889 1621 2966 (Marini
1643 2893 1717 2949 Arv.

394 3003 423 3060 p.
442 2985 477 3043 13
485 3007 494 3058 3
523 2986 617 3046 Orell.
635 2975 710 3064 697)
732 2999 762 3048 et
782 2991 861 3064 apud
883 2991 1081 3050 Bitschelium
1104 2993 1235 3068 (priscae
1256 2991 1322 3050 Lat
1346 3004 1425 3049 mon.
1448 2990 1721 3050 6689166166

395 3086 527 3144 eiusdem
556 3091 745 3148 enarratione
771 3111 800 3167 p.
819 3091 889 3166 78)ι
924 3095 969 3150 dis
996 3093 1125 3150 manitas
1153 3092 1299 3163 Licinias,
1335 3093 1435 3152 Crassi
1464 3093 1556 3167 Frugi
1578 3095 1720 3168 ponnfles's

388 3184 521 3262 s(iliae),
544 3189 686 3264 Magnae,
708 3189 747 3246 L.
771 3190 885 3249 Ρὶιοηίε
902 3193 1045 3266 pontificis
1067 3191 1210 3268 aeor(ts),
1232 3211 1293 3251 uon
1314 3202 1394 3252 recte
1416 3192 1546 3251 creditur
1566 3192 1630 3251 filia
1650 3209 1719 3251 oon·

396 3285 471 3342 sulis
494 3304 520 3343 n.
537 3286 596 3344 740
606 3284 652 3364 ³),
681 3307 748 3348 cnm
772 3309 868 3366 neque
892 3291 981 3368 Frugi
1003 3311 1168 3370 cognomen
1190 3293 1260 3352 huic
1282 3311 1410 3369 usquam
1431 3294 1580 3352 tribuatur
1601 3303 1630 3351 et
1651 3311 1721 3369 cog·

397 3399 503 3443 nomen
529 3407 547 3445 a
569 3387 714 3465 Pompeia
739 3391 832 3467 stirpe
859 3393 980 3450 ductum
1008 3409 1067 3449 non
1092 3393 1173 3450 filiae
1200 3394 1264 3452 eius
1291 3394 1465 3464 conveniat,
1491 3393 1543 3452 sed
1567 3395 1650 3469 nepti
1671 3393 1721 3452 de·

396 3505 476 3544 mum
503 3505 542 3546 ex
563 3489 666 3548 Marco
692 3491 754 3550 filio
779 3491 885 3550 marito
908 3490 1082 3552 Scriboniae
1102 3495 1255 3570 proneptis
1277 3494 1414 3570 Pompeii
1436 3493 1589 3571 unguit).
1631 3495 1720 3552 Mari·

397 3594 459 3642 tum
486 3585 523 3644 L.
551 3588 691 3648 Pisonem
717 3591 886 3666 pontificem
912 3592 968 3651 viri
998 3593 1077 3651 docti
1106 3593 1203 3652 adhuc
1229 3594 1442 3654 intellexerunt
1470 3595 1625 3654 consulem
1651 3595 1722 3652 anni

398 3703 427 3742 u.
443 3704 468 3744 c.
485 3687 543 3745 730
554 3685 599 3763 ⁵),
625 3697 784 3766 propterea
811 3692 891 3782 quod
913 3701 973 3752 tom
995 3693 1074 3770 apud
1096 3693 1234 3752 Tacitum
1257 3694 1340 3770 (ann.
1361 3694 1460 3770 6,10)
1483 3713 1573 3771 quam
1594 3695 1625 3753 in
1647 3696 1722 3754 actis

398 3829 601 3840 .-...-

475 3933 499 3995 ¹)
528 3932 590 3984 Piso
608 3933 693 4004 Frupc'
710 3935 875 3989 Licinianus:
899 3941 970 3992 Suet.
990 3941 1066 3992 Galb.
1086 3943 1129 3992 17.
1167 3940 1228 3992 Piso
1247 3938 1412 3991 Licinianus:
1436 3941 1541 3991 'l'scitus
1560 3942 1618 3991 hist.
1640 3944 1721 4003 1,1s.

399 4022 475 4074 Pircr
499 4025 567 4075 Plut.
587 4026 873 4094 Galb.23;1³1in.ep.
893 4033 918 4094 2,
933 4033 976 4093 20,
993 4033 1017 4081 9.
1054 4029 1087 4081 L.
1107 4029 1243 4082 Lt......·
1268 4038 1319 4082 act.
1337 4033 1401 4081 Are.
1421 4045 1445 4081 a.
1459 4031 1494 4083 69
1514 4029 1629 4092 (Bullett.
1652 4033 1722 4082 1869

399 4131 425 4178 p.
436 4116 489 4176 73),
510 4116 553 4166 ubi
572 4134 629 4167 cum
648 4127 753 4184 propter
771 4123 847 4186 spatii
867 4123 996 4187 angustias
1015 4137 1061 4172 aex
1080 4128 1210 4187 septemve
1228 4129 1326 4172 tautum
1345 4123 1488 4172 litterarum
1505 4124 1606 4186 capacis
1623 4123 1723 4188 supple·

377 4233 382 4244 ·
400 4213 522 4268 mentum,
542 4209 574 4257 de
594 4225 644 4273 quo
663 4213 811 4275 cogitaram,
831 4211 864 4262 L.
883 4210 984 4274 LtIcim'
1000 4211 1112 4276 Pisonis]
1132 4214 1233 4263 admitti
1252 4219 1362 4279 nequeat
1380 4212 1442 4274 (ridi
1462 4213 1530 4262 enim
1550 4214 1604 4263 eius
1623 4214 1725 4262 tabulae

400 4296 542 4360 ectypum),
562 4300 749 4351 subsistendum
769 4310 807 4352 est
824 4305 852 4354 in
870 4318 901 4352 eo
921 4303 989 4368 quod
1008 4305 1143 4368 proposuit
1160 4306 1308 4354 Henzenus:
1333 4301 1366 4354 1.
1385 4301 1549 4366 LsIcinianss,
1570 4318 1724 4369 quamquam

401 4385 494 4436 mirum
513 4395 552 4436 est
570 4390 602 4438 ab
621 4391 747 4442 eiusmodi
766 4394 830 4442 actis
848 4395 1004 4458 gentilicium
1023 4410 1117 4444 nomen
1136 4395 1232 4445 abesse.

477 4474 502 4536 ²)
529 4479 597 4528 Acta
616 4481 794 4532 Arretio:
814 4481 876 4550 [pro
896 4483 1042 4551 adJoptione
1061 4483 1129 4546 [Ser.
1150 4483 1261 4552 Sutprieii
1280 4482 1389 4547 (infidae
1412 4481 1567 4547 O[oescris].

478 4563 503 4626 8)
531 4567 604 4627 Quae
623 4578 660 4620 est
679 4573 767 4635 opinio
780 4575 932 4638 Nipperdeii
949 4577 983 4626 ad
1000 4577 1084 4627 Taciti
1103 4577 1258 4638 anu.ss,10,
1278 4591 1361 4640 neque
1378 4576 1455 4640 longe
1472 4574 1582 4625 discedit
1599 4573 1728 4623 Marinius

403 4655 467 4704 Arv.
486 4671 512 4718 p.
528 4657 570 4706 13.
607 4661 663 4710 Viri
689 4663 757 4712 docti
780 4667 937 4730 antiquiores
955 4667 987 4716 ab
1007 4667 1056 4718 hoc
1075 4667 1145 4718 citati
1163 4667 1241 4718 modo
1260 4668 1372 4717 consulis
1391 4681 1415 4716 s.
1429 4667 1465 4717 64
1483 4666 1564 4716 dlism
1582 4679 1639 4714 eam
1658 4663 1725 4712 iudi·

404 4753 533 4808 caverunt,
554 4749 640 4810 modo,
660 4759 684 4800 et
704 4761 770 4803 reete
789 4756 900 4819 quidem,
920 4765 948 4806 ut
966 4773 1025 4808 mea
1042 4759 1093 4808 fert
1111 4760 1208 4824 opinio,
1229 4759 1341 4808 consulis
1360 4773 1384 4807 a.
1398 4759 1442 4807 27.

480 4835 505 4900 ⁴)
532 4839 592 4890 Non
606 4855 671 4905 nego
684 4843 758 4894 etiam
772 4853 920 4910 proneptem
934 4849 1101 4914 abneptemvc
1115 4851 1225 4902 consulis
1237 4863 1261 4900 a.
1273 4851 1325 4899 740
1338 4849 1457 4898 similiter
1468 4845 1592 4911 appellari
1601 4833 1727 4909 potnises;

405 4928 450 4976 sed
470 4931 555 4980 titulus
575 4938 626 4981 tam
645 4940 750 4998 proptor
767 4937 918 5001 scripturam
937 4955 1013 5004 quam
1031 4949 1137 5006 propter
1149 4943 1337 5006 simplicitatem
1351 4939 1385 4990 ad
1398 4945 1514 5004 tempora
1525 4938 1631 4990 Nerone
1643 4941 1728 5001 poste·

404 5019 474 5069 riora
491 5021 534 5070 vix
554 5023 667 5087 ablegari
685 5031 776 5088 potest

484 5109 507 5171 ⁵)
534 5113 660 5164 Marinius
679 5115 743 5166 Arv.
762 5132 787 5180 p.
804 5120 846 5166 19.
884 5114 1019 5172 Drumann
1041 5123 1065 5184 a,
1081 5125 1124 5173 81.
1161 5122 1311 5188 Nipperdey
1330 5121 1364 5171 ad
1383 5121 1445 5172 Tne.
1465 5119 1565 5182 auu.6,
1581 5119 1623 5168 10.
