3812 5960
176 635 270 688 ss-se
603 629 1087 693 vonrssrrovrssnrnnvn.
1463 619 1507 690 111

177 803 225 865 38
252 805 284 864 in
310 805 377 880 ipsa
398 803 496 878 pinea
540 801 704 860 Praeneste
727 802 758 860 in
780 802 867 860 vineo
890 800 1043 861 Gslesssi.
1087 801 1185 860 Hodie
1207 804 1287 880 apud
1308 803 1507 867 Bonannium.

704 952 723 996 c
738 965 746 980 ·
762 952 872 996 csrnstt
887 965 895 982 ·
911 952 931 996 c
945 965 953 984 ·
968 953 984 995 r

177 1073 218 1132 D.
239 1071 418 1133 Bonannins
439 1070 523 1131 Ball.
549 1069 628 1130 1870
650 1091 679 1149 p.
697 1070 766 1130 106.

219 1171 269 1232 Oi.
291 1173 318 1244 Ι,
335 1173 436 1233 idola
457 1181 488 1231 et
508 1171 613 1230 titulos
635 1178 803 1247 sequentes.

178 1377 228 1438 40
250 1379 281 1438 in
303 1379 371 1455 ipsa
392 1379 489 1454 pinea.
532 1377 694 1437 Praeneste
715 1377 747 1436 in
770 1377 858 1436 vinea
877 1377 969 1438 Dona.
992 1375 1131 1437 Geoeoni.
1175 1380 1283 1438 Adhno
1304 1381 1423 1441 ibidem.

780 1529 910 1574 arastis

178 1647 264 1706 Misit
290 1647 452 1708 Hennenos
481 1655 620 1726 eotypnm
647 1657 802 1725 acceptum
831 1667 850 1705 a
880 1646 919 1706 D.
948 1647 1107 1708 Boosnnio
1136 1649 1287 1726 ediditque
1314 1651 1398 1710 Ball.
1429 1651 1508 1713 1866

179 1766 207 1824 p.
226 1747 295 1806 135.

179 1953 240 2014 41·
262 1955 294 2012 in
315 1955 383 2031 ipsa
402 1956 502 2032 pines.
546 1956 711 2016 Praeneste
732 1955 764 2013 in
785 1955 874 2014 vines
895 1953 986 2014 Dom.
1009 1952 1149 2014 Oecooni.

723 2105 854 2148 mustra
868 2117 876 2134 ·
892 2104 932 2150 c·
949 2105 966 2148 r

179 2226 331 2302 Eotypnrn
358 2225 442 2284 misit
468 2223 632 2285 Henrenus
659 2233 813 2302 acceptum
843 2243 862 2283 a
888 2224 926 2284 D.
955 2223 1113 2286 Bonennio
1140 2225 1291 2304 ediditque
1316 2227 1401 2290 Bait.
1430 2231 1509 2292 1866

179 2344 208 2401 p.
225 2325 296 2384 135.

179 2531 227 2594 42
247 2532 357 2592 litteris
379 2532 511 2608 pniehris
533 2543 564 2592 et
585 2533 710 2592 vetustis
732 2532 764 2591 in
785 2533 852 2590 basi
874 2530 1020 2608 quadrata
1040 2531 1155 2608 pineae.
1191 2533 1356 2596 Praeneste
1376 2537 1407 2596 in
1423 2539 1510 2598 vines

222 2631 376 2694 Galeassi.
423 2633 522 2692 Hodie
543 2634 624 2712 apud
646 2633 843 2692 Bonannium.

769 2784 783 2824 ι
798 2795 805 2810 ·
821 2747 930 2866 caros

181 2901 342 2963 Henzenos
364 2904 402 2962 sd
425 2913 565 2981 ectypum
588 2903 713 2962 missum
734 2921 753 2962 a
773 2901 813 2962 D.
836 2901 996 2960 Bonsnnio
1016 2900 1100 2960 Butt.
1124 2901 1202 2960 1867
1225 2921 1255 2982 p.
1274 2901 1342 2964 184.

182 3109 229 3170 43
251 3111 283 3169 in
304 3111 373 3186 ipss
393 3110 484 3186 pinea
504 3109 613 3168 litteris
635 3127 695 3168 non
717 3108 847 3186 optimis,
870 3107 924 3166 sed
938 3107 1160 3168 vetustissimis.
1196 3107 1363 3174 Praeneste
1376 3113 1406 3172 in
1422 3115 1509 3174 vinea

224 3208 375 3270 Goleassi.
418 3209 519 3270 Hodie
540 3209 620 3288 apud
640 3209 840 3269 Bonannium.

686 3361 706 3400 Α
721 3371 729 3388 ·
744 3357 883 3404 euroin!
899 3361 969 3404 ·16·
986 3358 1004 3400 1Ι

182 3479 342 3540 Henzenns
363 3479 401 3536 ad
423 3489 562 3556 ectypnnr
583 3479 710 3540 missum
732 3496 752 3536 a
772 3477 812 3538 D.
833 3477 993 3540 Bonsnnio
1013 3477 1096 3538 Beli.
1121 3478 1198 3540 1867
1221 3499 1251 3558 p.
1270 3481 1338 3542 184.
1444 3456 1450 3468 ⁹

182 3687 230 3747 44
259 3689 291 3746 in
317 3685 383 3744 basi
412 3685 559 3762 quadrata
585 3685 701 3762 pineae.
744 3684 907 3744 Praeneste
933 3684 965 3744 in
993 3685 1082 3743 vineo
1109 3683 1258 3745 Galeassi.
1301 3685 1401 3748 Hodie
1430 3691 1508 3768 apud

222 3787 421 3846 Bononnium.

651 3890 678 3908 ..
702 3822 1034 3940 mistro-canon

182 3987 346 4046 Henzenns
366 3987 406 4045 ad
427 3995 566 4062 ectypom
588 3984 714 4042 missum
737 4001 756 4040 a
776 3981 816 4040 D.
838 3981 999 4050 Bonannio
1017 3982 1099 4042 Bell.
1125 3981 1203 4042 1867
1225 4001 1255 4061 p.
1274 3983 1342 4044 184.

222 4088 315 4146 Initio
336 4087 474 4164 legerunt
493 4078 576 4186 [οτιο
597 4082 733 4156 Hemen,
751 4063 828 4184 istro
850 4081 1106 4158 Trendelenbnrg.

183 4292 227 4354 45
249 4295 281 4352 in
302 4293 371 4372 ipsa
391 4292 490 4367 pinea.
532 4290 698 4350 Praeneste
718 4289 750 4348 in
770 4287 860 4348 vines
881 4285 1032 4350 Galeassi.

787 4439 826 4482 c·
843 4436 915 4482 OEST

183 4534 359 4595 Bonannins
379 4533 462 4592 Boii.
487 4533 566 4593 1867
588 4551 618 4608 p.
637 4531 705 4590 183.

223 4635 271 4697 01.
293 4637 320 4708 1,
342 4635 392 4695 93.
415 4633 456 4692 94
477 4643 508 4693 et
527 4633 631 4692 titulos
652 4639 823 4707 sequentes.

183 4840 254 4902 46*
275 4840 360 4900 basis
381 4858 445 4916 rep.
468 4839 632 4898 Praeneste
654 4856 682 4896 a.
700 4835 778 4895 1863
801 4835 833 4892 in
854 4834 948 4893 fundo
969 4835 1197 4896 Barberinisno.

740 4986 841 5030 cssrrs
856 4999 866 5052 g
881 4987 929 5042 Q·
945 4987 961 5028 r

183 5108 348 5180 soranus
373 5107 467 5176 edidit
487 5107 570 5168 ssu.
597 5105 674 5172 1863
696 5123 727 5183 p.
746 5103 805 5166 124
829 5105 954 5170 nissam
976 5123 996 5166 a
1017 5103 1187 5180 Oieerohier
1215 5107 1332 5172 Ritsehl
1353 5111 1452 5189 suppl.
1468 5112 1515 5173 111

184 5229 212 5286 p.
223 5211 269 5270 vl
291 5211 354 5270 tsb.
369 5209 418 5268 111
431 5208 472 5267 D.

1270 5308 1288 5368 2
1295 5309 1311 5341 Ι
