3826 5962
394 516 466 588 212
940 532 1169 596 morsum
1286 595 1291 608 ,

390 714 517 767 trsntur.
561 703 696 780 Quorum
722 705 753 764 in
780 705 875 764 altero
901 703 950 782 (G.
966 705 990 765 1.
1007 704 1062 766 Gr.
1084 725 1113 764 ιι.
1129 705 1226 783 4016)
1248 705 1285 765 T.
1314 704 1361 766 Fl.
1385 703 1522 766 Gaianas
1549 707 1717 784 appellatur

391 797 621 886 ἅγωνοθετιίτας
642 795 696 878 die,
718 807 770 863 τοῦ
789 829 819 863 τι
840 808 935 864 κοινοῦ
954 809 1009 864 τῶν
1023 808 1164 865 Γαλατῶν
1184 797 1233 864 καὶ
1254 808 1308 864 τῶν
1329 806 1406 888 ἱερῶν
1423 797 1544 884 α’γῶνων
1558 809 1613 865 τῶν
1626 798 1719 885 μεγα-

390 916 446 966 λων
459 899 663 978 Ἀσκληπιείων
675 897 812 976 ’lesmor
826 899 946 965 Πυθίων
966 898 1015 966 καὶ
1036 895 1187 992 ἆρχειριῶι·
1208 910 1260 966 τοῦ
1278 910 1372 965 κανοῦ
1390 909 1445 965 τῶν
1458 911 1608 976 Paiania,
1622 913 1721 966 Γαλα·

389 1000 516 1094 ια’ριχριι,
537 997 804 1084 Σιῶαπιφᾶνιηςς
826 1008 857 1067 in
878 1009 971 1068 altero
994 1007 1043 1084 (0.
1059 1009 1084 1067 1.
1100 1007 1155 1069 Gr.
1177 1029 1205 1067 n.
1222 1008 1319 1085 4031)
1341 1008 1448 1068 Aelius
1462 1008 1589 1070 Macedo
1610 1009 1718 1070 dicitur

391 1101 638 1194 ἅρχιιρατᾶμινις
657 1111 710 1166 τοῦ
728 1111 819 1166 κῶνον
841 1111 896 1166 τῶν
916 1111 1065 1177 Γαλατῶν,
1085 1099 1293 1193 Γαλατιῖρχνς,
1314 1099 1560 1186 σιβαττοφιὶντηι
1580 1104 1629 1196 δαὶ
1648 1103 1718 1176 βίον

391 1213 445 1268 τῶν
473 1206 554 1269 θεῶν
581 1202 754 1274 {asloncia
795 1208 866 1268 Non
894 1210 1017 1269 dubium
1046 1221 1107 1282 ast,
1135 1211 1208 1288 quin
1237 1211 1268 1270 iu
1297 1211 1398 1287 priore
1423 1211 1614 1287 potissimum
1642 1231 1719 1271 vans

391 1313 464 1372 insit
483 1312 713 1371 honorificarum
736 1311 970 1388 appellationum
993 1311 1163 1372 cumulatio.
1199 1310 1280 1371 Nam
1302 1311 1327 1371 si
1351 1311 1535 1372 Galatarcha
1555 1311 1612 1371 tuit
1626 1310 1717 1373 Gais-

390 1431 465 1484 nus,
492 1413 549 1473 luit
574 1413 663 1472 etiarn
690 1402 876 1488 ἀγωνοθέτης
902 1429 999 1487 neque
1024 1412 1054 1471 id
1076 1413 1237 1488 separatim
1258 1431 1331 1490 prae
1352 1430 1386 1472 se
1407 1413 1484 1472 lerre
1505 1413 1615 1472 debut.
1659 1411 1718 1474 Sed

390 1523 506 1574 ceteras
528 1513 688 1592 dignitates
709 1523 789 1572 recte
811 1512 982 1590 distinguet,
1004 1514 1057 1589 qui
1079 1515 1255 1585 meminerit,
1277 1514 1314 1573 ad
1330 1513 1528 1574 sacerdotium
1542 1514 1717 1590 provinciae

391 1616 539 1674 neminem
560 1614 734 1690 pervenisse
755 1614 813 1672 nisi
834 1614 885 1690 qui
907 1614 938 1672 in
954 1631 1010 1672 sus
1024 1615 1145 1674 civitate
1160 1615 1298 1674 omnibus
1314 1615 1476 1674 bonoribus
1491 1613 1612 1674 iunctus
1626 1625 1715 1674 esset.

392 1711 443 1776 Sic
463 1715 611 1792 Euryclea
638 1715 690 1773 ille
716 1714 797 1791 apud
818 1714 1022 1791 Wsddingtou
1051 1735 1079 1773 n.
1097 1714 1175 1773 2741
1206 1715 1334 1792 primum
1362 1716 1418 1774 luit
1443 1709 1595 1799 ἁρχαριῦι
1614 1709 1713 1777 'Arina

391 1815 464 1872 ναῶν
478 1817 533 1872 τῶν
547 1813 575 1872 ἒν
590 1808 711 1897 Σμύρνῃ,
731 1814 836 1874 deinde
858 1814 1030 1892 designatus
1052 1823 1100 1874 est
1120 1811 1273 1899 ἆρχιεριῦι
1285 1818 1336 1886 τῆς
1348 1807 1458 1876 ’Arina
1494 1816 1609 1876 Eodem
1628 1816 1716 1876 modo

390 1923 420 1975 et
442 1915 580 1976 Gaianas
602 1923 633 1975 et
653 1915 779 1975 Macedo
800 1915 929 1992 primum
950 1915 1033 1974 fuere
1054 1907 1302 1992 Σιῶαποφάνιαι
1325 1909 1372 1974 διὰ
1393 1907 1478 1985 βίον,
1498 1919 1518 1976 i.
1533 1937 1559 1978 e.
1582 1918 1717 1977 flamines

389 2017 525 2095 perpetui
553 2017 683 2076 civitatis
705 2019 858 2094 Ancyrae,
885 2016 992 2076 deinde
1013 2016 1084 2076 iacti
1105 2027 1174 2076 suut
1194 2013 1337 2101 ἆρχαριῒι
1357 2020 1409 2075 τοῦ
1428 2021 1522 2076 κανοῦ
1541 2021 1596 2075 τῶν
1617 2023 1713 2075 Γαλα-

389 2120 460 2185 τῶν,
485 2117 517 2176 id
543 2125 590 2178 est
615 2118 788 2178 sacerdotes
810 2118 914 2196 templi
935 2118 1016 2177 illius
1038 2118 1237 2190 celeberrimi,
1263 2118 1343 2195 quod
1365 2120 1504 2197 Ancyrae
1526 2129 1716 2180 exstruxerat

390 2213 420 2277 ri
442 2211 533 2276 κνινδν
554 2220 707 2285 Γαλατῶν,
732 2219 868 2296 talesque
894 2220 998 2297 templi
1027 2220 1197 2279 sacerdotes
1225 2221 1409 2298 intelligendi
1431 2229 1514 2294 snut,
1540 2221 1640 2298 qualis
1660 2220 1718 2278 luit

390 2315 543 2403 rippprpsric
561 2311 663 2380 Ἀτιάτ
684 2307 759 2376 ναοῦΙ
774 2319 827 2376 τοῦ
847 2317 875 2375 ἐν
894 2309 1008 2394 Ἐφῖτιρ
1029 2323 1124 2377 κοινοῦ
1143 2322 1194 2389 τῆς
1213 2313 1314 2380 Ἀτίας
1339 2331 1370 2380 ct
1394 2323 1498 2393 ceteri,
1526 2339 1604 2398 quos
1627 2339 1718 2396 supra

389 2422 606 2493 recensuimns3
629 2427 781 2498 postremo
803 2419 894 2478 creati
916 2428 987 2478 sunt
1008 2417 1217 2491 Galatarcbae,
1240 2428 1274 2480 ιιι
1295 2421 1370 2480 nibil
1391 2421 1421 2478 iu
1443 2421 1491 2480 bis
1512 2422 1716 2498 inscriptioni·

389 2526 444 2583 bus
465 2522 643 2592 inveniatur,
665 2520 745 2598 quod
766 2537 850 2580 meas
871 2521 1035 2582 sentcntiae
1056 2522 1167 2598 opponi
1188 2521 1296 2598 possit.
1334 2518 1394 2583 Sed
1415 2522 1488 2580 baec
1510 2521 1662 2580 sufficiant
1681 2523 1718 2582 da

389 2625 534 2686 Asiaticis
555 2623 726 2702 provinciis.
1357 2674 1360 2682 .

473 2727 522 2784 18.
565 2723 675 2784 Onera
697 2743 764 2782 cnm
780 2721 964 2783 Crannsrcs
985 2724 1143 2784 coniuncta
1163 2723 1219 2784 luit
1240 2741 1333 2800 usque
1355 2723 1393 2781 ad
1408 2722 1641 2795 Diocletianum,
1663 2725 1717 2784 sed

389 2847 475 2888 suum
494 2821 584 2885 κανόν
604 2827 720 2896 babuit,
746 2824 830 2884 cuias
851 2843 959 2885 nomen
981 2825 1156 2902 inscriptum
1178 2835 1226 2886 est
1245 2825 1375 2884 nummis
1397 2823 1585 2886 Cretensium
1607 2825 1675 2885 inde
1697 2844 1716 2884 a

389 2929 512 2988 Tiberio
533 2945 629 3005 usque
651 2927 688 2984 ad
705 2926 746 2984 ld.
762 2926 929 2986 Aurelium.
966 2926 1066 2985 Etiam
1088 2934 1159 3005 post
1171 2925 1395 2986 Diocletianum
1415 2925 1447 2984 in
1468 2926 1715 3002 inscriptionibus

389 3029 514 3090 habetur
526 3017 699 3112 Κρηταρχηι
721 3025 770 3100 (0.
786 3027 810 3084 Ι.
824 3024 879 3086 Gr.
895 3047 924 3086 n.
938 3026 1045 3103 2744),
1068 3022 1158 3085 κιινόν
1172 3029 1226 3085 τῶν
1241 3026 1353 3109 Κρητῶν
1375 3026 1428 3102 (ib.
1446 3026 1596 3103 114583),
1619 3016 1714 3104 δι’γιια

387 3131 439 3188 τοῦ
456 3131 551 3188 κοινοῦ
570 3131 621 3198 τῆς
641 3129 755 3208 Κρητῶν
776 3121 922 3208 ἐπαρχιαι
943 3127 987 3204 (ιι.
1003 3127 1113 3203 2595),
1137 3117 1235 3204 lippa
1256 3127 1307 3184 rori
1326 3128 1421 3184 κοινοῦ
1441 3117 1537 3196 adrat
1558 3129 1607 3196 nie
1628 3128 1713 3210 irrup-

388 3223 462 3307 χιάι
483 3231 526 3304 (n.
543 3229 634 3288 2596.
656 3227 761 3304 2597).
805 3227 999 3287 Memorabile
1026 3237 1085 3300 est,
1112 3228 1192 3307 quod
1217 3229 1249 3288 in
1274 3229 1363 3288 inscr.
1385 3247 1414 3287 n.
1430 3227 1511 3288 158³
1535 3247 1713 3288 commemo·

386 3339 471 3390 ratur
495 3323 565 3412 ἱιρός
586 3323 667 3406 αγῶν
688 3322 901 3410 πενταετηρικδι
920 3329 972 3385 τοῦ
991 3330 1085 3385 κοινοῦ
1105 3331 1160 3385 τῶν
1182 3329 1296 3412 Κρητῶν
1322 3348 1360 3388 ex
1386 3347 1445 3405 quo
1473 3330 1541 3405 quia
1567 3329 1714 3402 coniicial,

387 3431 491 3508 qninto
517 3449 636 3508 quoque
663 3447 743 3488 enno
772 3429 929 3488 concilium
958 3427 1144 3488 Cretensium
1174 3445 1242 3488 esso
1267 3429 1410 3488 habitum.
1455 3429 1502 3488 De
1529 3428 1714 3506 Cyrenaicae

387 3532 514 3591 concilio
535 3532 609 3589 nihil
630 3539 733 3589 notum
755 3539 809 3589 est.

474 3633 520 3691 19.
564 3631 741 3689 Pnovrucrs
762 3630 997 3700 Τιιιιοιιιιιιι,
1019 3647 1096 3706 quae
1118 3639 1148 3690 et
1167 3630 1237 3708 ipsa
1258 3631 1315 3691 sub
1336 3631 1528 3691 Diocletiano
1550 3633 1713 3694 constituta
1791 3659 1795 3669 ·

387 3741 447 3805 est,
474 3750 583 3791 nomen
611 3731 701 3792 babet
726 3749 745 3787 a
770 3731 896 3790 concilio
923 3731 1012 3790 trium
1039 3730 1205 3804 civitatum,
1231 3732 1270 3791 ad
1295 3733 1375 3810 qnod
1397 3733 1585 3810 pertinebant
1605 3733 1711 3810 Leptis

386 3852 509 3914 magna,
541 3831 621 3905 Oea,
654 3829 798 3902 Sabrata,
830 3841 985 3909 praeterea
1018 3838 1117 3892 autem
1145 3833 1256 3910 oppida
1284 3833 1437 3912 complura
1462 3835 1587 3894 minora.
1637 3835 1711 3904 Eius

386 3935 503 3996 concilii
524 3943 631 4012 quarto
652 3933 742 3992 etiam
764 3931 885 3992 saeculo
906 3933 1041 3992 meminit
1055 3933 1232 3994 Ammianus
1253 3931 1303 4006 28,
1319 3933 1348 4006 6,
1365 3935 1396 3992 7ι
1423 3935 1598 4012 ΊΗροῑίιαιιι·
1616 3969 1655 3980 -
1672 3969 1712 3980 -

384 4039 509 4114 adlapsa
532 4038 655 4113 lepitimo
678 4035 723 4093 dis
744 4034 868 4105 concilii,
890 4037 969 4110 quod
988 4036 1070 4111 apud
1089 4053 1136 4094 sos
1158 4046 1198 4094 eet
1219 4053 1354 4108 annuunt,
1377 4034 1509 4096 Seuerum
1531 4046 1558 4094 et
1571 4035 1706 4098 Flaccia-

383 4159 450 4198 narn
471 4157 599 4199 meacm
620 4137 736 4214 lepctoe.
1010 4197 1012 4202 ,

469 4235 518 4297 10.
544 4237 684 4298 ·Csteras
707 4237 831 4296 atricae
851 4235 1094 4312 septentrionalis
1116 4237 1304 4313 provincias,
1327 4239 1472 4297 Αιιιιοιιι
1493 4254 1711 4298 ιιιοοοιιιιιι-

382 4357 462 4412 narr,
490 4339 675 4410 Nvurnmr,
704 4339 943 4396 Μιιιιιιιιιιιιιιι
965 4334 1229 4411 Οιιιιιιιιιιιιιιιιιι,
1258 4338 1363 4416 paucis
1392 4339 1549 4399 absolvere
1575 4357 1711 4416 possum,

382 4449 544 4518 postquam
565 4439 602 4497 de
625 4457 727 4496 aarum
748 4447 779 4496 et
796 4437 932 4497 conciliis
946 4447 977 4498 et
991 4437 1197 4498 sacerdotibus
1212 4438 1440 4519 diligentissime
1455 4440 1517 4517 egit
1531 4439 1569 4500 0.
1585 4439 1711 4501 Hirsch-

380 4539 442 4598 feld
464 4539 495 4597 in
516 4539 597 4597 Ano.
620 4541 689 4597 inst
712 4539 792 4597 arob.
824 4537 912 4598 Rom.
935 4557 962 4597 a.
981 4537 1059 4598 1866
1082 4557 1111 4614 p.
1128 4539 1266 4599 69-77.

465 4640 590 4698 Asseros
614 4653 872 4700 saoconsvssms
899 4638 938 4697 ad
964 4639 1123 4698 concilium
1151 4641 1349 4702 conveniebat
1376 4640 1588 4719 Carthaginem
1618 4639 1709 4718 (cod.

382 4739 441 4801 Tb.
460 4739 507 4814 12,
526 4739 729 4816 1,145.176)
752 4740 998 4816 sacerdotemque
1019 4739 1156 4815 babebat,
1179 4741 1232 4819 qni
1253 4741 1374 4820 expleto
1395 4742 1562 4803 sacerdotio
1584 4742 1615 4802 in
1630 4742 1710 4802 ordi·

379 4861 448 4903 nem
468 4842 688 4903 enecatam
707 4841 908 4918 recipiebatur
928 4839 1118 4916 (Hirschfeld
1138 4860 1168 4919 p.
1185 4841 1324 4920 69sqq.),
1345 4861 1472 4920 quornm
1494 4851 1525 4903 et
1543 4844 1576 4902 in
1593 4843 1711 4922 legibus

381 4941 534 5018 (Gctboir.
556 4941 689 5021 paratitl.
715 4942 755 5002 ad
776 4938 852 5002 001.
874 4941 934 5002 Tb.
956 4939 1005 5012 16,
1022 4941 1075 5019 10)
1099 4950 1130 5001 et
1150 4944 1230 5021 apud
1251 4943 1413 5020 scriptores
1434 4943 1597 5020 (Αιιιιιιὶιιι.
1614 4942 1664 5015 28,
1679 4943 1708 5003 6.

382 5041 434 5119 10)
462 5050 492 5103 et
517 5044 549 5103 in
573 5042 821 5122 inscriptionibus
846 5041 987 5120 frequens
1012 5048 1061 5102 eat
1085 5043 1207 5106 mendo.
1249 5043 1535 5107 V.Renisr1aser.
1558 5043 1707 5120 dsl’Alp.

377 5161 407 5203 ιι.
427 5141 476 5203 28.
500 5145 587 5205 1440.
610 5142 699 5206 152⁷.
722 5145 810 5206 1718.
834 5143 924 5206 1651.
946 5141 1044 5216 25473
1072 5141 1189 5206 (iniria
1214 5145 1283 5224 ch.
1309 5145 1435 5208 arctat.
1458 5147 1474 5207 1
1501 5165 1529 5208 n.
1547 5147 1595 5208 66.
1644 5143 1708 5206 Sub
