3858 5960
690 643 740 694 nu
759 643 905 696 uruvurs
925 643 1082 698 nrrrcrs.
1476 634 1547 704 115

219 817 280 877 sibi
302 815 422 874 ridetur
444 813 621 872 certissimis
643 813 838 888 argumentis,
860 811 924 871 fieri
945 832 1005 872 non
1026 831 1126 891 posse,
1148 823 1181 875 nt
1194 827 1264 878 ante
1277 819 1407 882 Neronis
1422 833 1550 886 aetatem

219 917 325 978 titulus
347 915 533 993 compositus
556 915 606 972 sit.
648 913 686 972 In
706 912 871 973 Philistore
892 913 971 1003 enim
991 915 1050 974 vol.
1066 915 1112 974 IV
1133 936 1163 993 p.
1179 919 1238 978 333
1260 921 1366 982 titulus
1387 935 1434 984 est
1453 926 1550 990 Thra·

220 1019 301 1095 sylla
328 1018 470 1076 archonte
498 1014 698 1092 compositus,
725 1032 814 1091 quem
836 1031 915 1072 anno
936 1013 972 1074 61
990 1033 1019 1091 p.
1036 1013 1107 1076 Chr.
1129 1035 1165 1076 co
1186 1037 1308 1080 munere
1328 1023 1461 1088 iunctum
1482 1047 1550 1092 csse

220 1119 358 1196 Phlegon
383 1117 421 1175 de
447 1117 513 1174 mir.
540 1133 566 1174 o.
582 1113 622 1173 20
649 1114 748 1173 tradit.
792 1113 885 1173 Recte
910 1115 1002 1193 igitur
1028 1114 1229 1178 Neubauerus
1256 1121 1334 1182 hunc
1359 1127 1477 1189 titulum
1504 1133 1550 1192 illi

220 1237 300 1278 anuo
314 1219 428 1290 tribuit,
450 1237 538 1294 quem
553 1233 610 1292 ego
633 1214 775 1292 (Hermes
789 1214 806 1272 I
820 1235 849 1292 p.
862 1215 937 1290 418)
958 1215 1036 1274 iuter
1048 1216 1179 1278 Neronis
1192 1220 1382 1299 adoptionem
1397 1237 1428 1288 et
1441 1229 1551 1294 Claudi
1575 1251 1581 1263 ·

221 1329 348 1379 mortem
363 1319 507 1394 scriptum
522 1325 695 1376 statueram.
730 1317 832 1374 Motus
851 1334 933 1374 eram
947 1316 1002 1390 eis,
1024 1335 1100 1392 quae
1114 1319 1199 1379 initio
1214 1323 1326 1400 scripta
1338 1338 1408 1387 suut
1425 1325 1552 1412 Ἀγαθῇ

221 1413 301 1497 τύχῃ
323 1410 468 1476 Κλαυδίου
490 1409 635 1500 Καῖσαρος
655 1407 818 1480 Σεβαστοῦ
836 1418 1007 1498 Γερμανικοῦ
1033 1409 1130 1488 νείκης.
1176 1419 1261 1494 Quae
1284 1429 1430 1488 vocabula
1456 1435 1482 1492 si
1509 1435 1551 1496 ita

223 1514 337 1596 scripta
362 1529 464 1578 essent
490 1519 521 1577 iu
542 1518 656 1596 lapide,
686 1525 808 1594 propter
834 1517 977 1576 omissum
1004 1537 1185 1594 praenomen
1206 1541 1266 1582 uon
1287 1537 1412 1602 possent
1433 1533 1492 1591 nisi
1513 1537 1552 1595 ad

224 1619 384 1679 Claudium
406 1619 520 1692 referri,
542 1637 634 1696 quare
653 1617 744 1677 ineis
760 1615 972 1676 Neubauerum
984 1636 1046 1695 ¹nou
1061 1619 1221 1680 offendisse
1235 1625 1336 1684 miror.
1372 1627 1433 1689 Sed
1446 1633 1551 1695 Koch.
1569 1625 1571 1630 ’

223 1722 280 1780 leri
301 1721 517 1798 apographum,
538 1721 619 1795 qnod
640 1719 748 1791 habeo,
770 1727 839 1778 ante
854 1711 997 1775 Κλαυδίου
1021 1720 1138 1778 circiter
1158 1740 1265 1783 novem
1282 1725 1398 1788 litteras
1413 1737 1551 1796 consulto

223 1822 337 1880 deletas
363 1839 430 1880 esse
455 1819 581 1892 iudicat,
608 1819 710 1895 ibique
731 1810 852 1901 Νὲρωνος
877 1837 1042 1896 pronomen
1068 1821 1213 1898 scriptum
1239 1823 1329 1887 luerit
1351 1849 1475 1893 necesse
1496 1848 1551 1898 est.

224 1920 305 1984 Sanc
327 1943 355 1981 v.
373 1923 390 1982 3
413 1911 533 2004 Νέρωνος
554 1930 704 1980 servatum
725 1926 781 1991 est,
805 1919 849 1978 ita
869 1927 900 1978 nt
922 1921 948 1979 ia
969 1922 1023 1996 qui
1044 1921 1119 1981 illud
1141 1924 1261 1998 delevit,
1282 1928 1338 1988 hoc
1358 1949 1419 1990 uon
1441 1935 1553 1999 vidisse

225 2023 369 2082 videatur.
412 2021 450 2081 Iu
476 2022 534 2080 hoc
560 2021 652 2098 igitur
679 2020 767 2079 titulo
788 2019 837 2080 Ti.
860 2018 1005 2080 Claudius
1030 2020 1149 2082 Novius
1176 2025 1297 2100 quidam
1324 2023 1483 2114 στρατηγοὶ
1508 2029 1553 2096 ἐπὶ

223 2118 292 2185 roda
317 2115 450 2183 ὄπλάτας
473 2115 504 2179 ro*
526 2109 629 2198 ὄγδοον
657 2121 774 2180 dicitur.
817 2120 901 2180 Idem
927 2139 998 2180 vero
1026 2123 1057 2180 iu
1082 2123 1277 2203 inscriptione
1302 2131 1382 2206 apud
1408 2133 1553 2200 Rossimn

226 2225 264 2282 de
290 2223 386 2284 demis
413 2243 444 2282 n.
462 2223 518 2281 141
547 2216 708 2304 στρατηγάς
734 2211 778 2278 tel
805 2215 871 2280 τούς·
893 2214 1025 2282 dalaima
1050 2231 1185 2298 vocatur,
1212 2245 1272 2287 non
1298 2230 1402 2292 addito
1428 2257 1553 2300 numero

226 2326 413 2385 iterationem
443 2324 602 2382 indicante.
653 2320 754 2396 Quare
783 2339 850 2381 oum
879 2321 1041 2382 verisimile
1067 2325 1122 2398 sit,
1152 2327 1232 2388 huuc
1261 2329 1380 2392 titulum
1408 2353 1445 2396 co
1473 2357 1553 2401 auno

226 2426 426 2504 compositum
452 2443 534 2496 csse,
561 2441 623 2500 quo
644 2423 695 2481 ille
712 2425 839 2499 primum
859 2430 981 2498 praetor
1000 2425 1148 2508 inerit¹)‚
1178 2446 1305 2505 cumque
1325 2433 1385 2493 iarn
1406 2442 1556 2518 magnitu.

227 2527 296 2586 dine
320 2527 437 2586 numeri
457 2524 614 2603 probabile
635 2523 702 2595 fiat,
729 2542 787 2582 nou
809 2523 989 2584 intermissis
1011 2526 1190 2601 quibusdam
1212 2530 1313 2605 annis,
1340 2535 1393 2593 sed
1415 2539 1555 2620 deinceps

227 2629 343 2686 octiens
365 2647 433 2686 cum
455 2633 596 2703 praetura
616 2625 748 2684 functum
770 2643 853 2696 esse,
876 2625 980 2684 titulus
1003 2625 1169 2686 Rossiauus
1191 2629 1229 2686 ad
1251 2647 1362 2692 anuum
1382 2637 1422 2695 54
1435 2657 1466 2715 p.
1482 2639 1554 2702 chr.

226 2728 400 2789 referendus
422 2728 547 2786 videtur.
590 2727 627 2785 Iu
649 2727 706 2785 hoc
727 2725 815 2784 titulo
837 2725 929 2804 igitur
957 2717 1145 2801 ἀγωνοὲἔτης
1165 2731 1295 2810 πρῶτον
1316 2735 1371 2790 τῶν
1391 2730 1556 2802 Σαβακῶν

227 2819 348 2906 ἀγώνων
373 2839 429 2888 est.
472 2827 574 2902 Quare
601 2845 669 2886 cum
693 2826 768 2885 illud
795 2826 983 2902 plebiscitum
1005 2821 1190 2901 ἀγωνοθέτην
1211 2831 1266 2885 τῶν
1288 2825 1453 2897 Σιβαστάν
1473 2831 1555 2917 ἀγώ-

228 2953 281 2988 νων
301 2929 425 3001 habeat,
447 2947 570 2988 necesse
592 2937 639 2988 cst
659 2927 806 2986 recentius
830 2927 870 2986 sit
890 2917 969 2984 anno
985 2927 1024 3002 54
1039 2945 1068 3003 p.
1086 2924 1172 3001 Chr,
1193 2945 1253 3004 quo
1274 2923 1423 2996 Σεβαστά
1444 2934 1557 3016 ἀγῶνα·

228 3031 380 3110 primum
407 3029 548 3090 celebrati
575 3029 644 3088 siut.
688 3026 774 3101 Quae
800 3027 877 3086 ratio
903 3027 992 3104 plano
1018 3033 1099 3086 certa
1125 3035 1155 3087 et
1176 3047 1247 3088 vera
1273 3041 1367 3106 esset,
1396 3036 1556 3103 dnmmodo

229 3131 376 3190 uocabula
402 3120 589 3208 ἀγωνοθέτης
615 3127 724 3212 πρῶτος
751 3129 782 3186 id
810 3127 1015 3204 significarent
1042 3128 1122 3204 quod
1149 3129 1350 3194 Neubauerus
1378 3138 1452 3198 vult.
1496 3139 1558 3203 Sed

230 3251 267 3292 ea
288 3251 349 3291 uon
369 3239 429 3291 tam
451 3239 585 3309 tempore
606 3230 744 3307 primum,
766 3228 817 3304 qui
839 3229 1035 3308 agonotbesis
1054 3228 1174 3290 functus
1193 3231 1243 3305 sit,
1265 3233 1444 3313 significant,
1466 3261 1557 3318 qnam

230 3353 297 3392 eum
319 3334 371 3410 qni
393 3334 425 3392 in
445 3331 643 3409 complurium
665 3331 911 3407 agonotheterum
933 3329 1060 3408 collegio
1082 3331 1226 3407 dignitate
1240 3334 1381 3414 princeps
1397 3340 1444 3400 sit.
1477 3342 1558 3404 Nam

231 3434 409 3493 vocabulum
436 3433 517 3512 quod
544 3441 591 3490 cst
616 3433 723 3514 πρῶτος
749 3431 806 3488 hac
833 3431 862 3488 vi
891 3449 1045 3490 munerum
1074 3431 1261 3508 publicorum
1290 3439 1460 3501 nominibus
1489 3443 1560 3504 addi

232 3553 406 3608 consuesse,
428 3533 480 3592 vix
501 3531 650 3608 estquod
671 3531 820 3607 exemplis
842 3531 943 3590 allatis
964 3533 1096 3609 probem.
1136 3533 1186 3591 Ad
1207 3535 1327 3596 titulum
1345 3537 1561 3614 Aphrodisien-

233 3652 296 3694 sem
311 3632 346 3695 G.
361 3635 386 3694 1.
403 3633 485 3694 2800
506 3634 565 3692 iam
581 3631 754 3692 Boeclrhius
775 3639 855 3690 recte
874 3631 1030 3690 adnotavit
1053 3635 1179 3716 ,aprime
1193 3630 1324 3696 neurada
1344 3649 1400 3712 est,
1422 3643 1475 3718 qui
1490 3644 1562 3704 alibi

232 3727 439 3819 ἀρχινεωπωές
464 3734 619 3794 vocatur“.
661 3732 762 3790 Etiam
788 3731 887 3790 minus
915 3731 1045 3790 dubitari
1072 3741 1172 3809 potest
1198 3733 1233 3796 C.
1253 3737 1279 3795 1.
1299 3738 1377 3797 3461
1402 3739 1561 3824 στρατηγὲν

232 3837 341 3918 erpuino
363 3828 423 3896 dic.
457 3835 555 3894 Porro
576 3833 607 3892 iu
628 3832 666 3892 iis
689 3831 869 3904 civitatibus,
891 3831 941 3890 ubi
962 3831 1130 3906 complures
1152 3823 1295 3914 ἄρχοντα
1310 3838 1363 3896 toti
1378 3841 1562 3917 reipublicae

234 3945 388 4012 praesunt,
409 3938 518 4018 πρῶτος
539 3923 642 4015 ἀρχων
663 3939 921 4002 commemoratur,
943 3931 1035 3988 veluti
1057 3930 1092 3991 C.
1108 3931 1132 3990 1.
1148 3933 1228 3991 3407
1251 3933 1439 4014 (Magnesiae
1459 3941 1499 4000 ad
1517 3941 1563 4004 si-

234 4036 363 4112 pylum).
406 4035 505 4114 Magis
526 4035 633 4094 mirum
656 4043 703 4092 est
724 4031 805 4110 quod
827 4028 861 4090 0.
878 4031 902 4088 I.
919 4028 1023 4114 11211)
1044 4031 1132 4089 etlam
1155 4025 1395 4114 στρατηγήσαντα
1414 4033 1451 4094 τά
1474 4042 1563 4122 πρωΐ.

234 4157 293 4192 τον
318 4137 376 4195 bac
402 4137 550 4196 sententia
577 4134 699 4206 dicitur;
728 4151 764 4194 ac
789 4140 889 4190 tamen
917 4130 954 4189 de
981 4149 1017 4190 ea
1042 4151 1074 4190 re
1096 4130 1227 4190 dubitari
1248 4133 1359 4209 nequit.
1402 4135 1483 4197 Nam
1502 4158 1564 4200 non

236 4255 303 4296 eam
323 4237 412 4296 huius
434 4237 628 4297 additamenti
643 4235 703 4294 vim
719 4251 799 4307 esso,
822 4241 857 4308 ut
868 4239 1038 4316 opponatur
1055 4231 1098 4291 eis
1114 4250 1190 4309 quac
1204 4231 1274 4291 alibi
1288 4233 1438 4296 adduntur
1451 4233 1481 4295 τό
1497 4231 1564 4297 δεό-

235 4358 323 4420 τερον,
348 4332 379 4394 τὸ
407 4331 494 4420 τρίτον
521 4345 591 4409 eta,
616 4337 677 4395 iam
703 4335 772 4394 inde
797 4341 894 4410 patet,
920 4333 1001 4410 qnod
1025 4334 1124 4410 isqui
1151 4333 1282 4393 nondam
1308 4335 1416 4396 iterum
1441 4357 1564 4400 munere

235 4438 356 4497 iunctus
384 4446 446 4509 est,
475 4447 555 4498 recte
581 4437 689 4496 dicitur
710 4435 837 4506 semel,
863 4452 923 4492 non
945 4435 1096 4510 primum
1121 4433 1240 4493 functus
1261 4452 1338 4495 essa.
1381 4437 1422 4496 Et
1443 4441 1564 4500 omuino

237 4538 268 4596 id
287 4555 374 4597 nemo
395 4537 426 4596 in
448 4538 534 4596 titulo
556 4537 716 4596 honorario
738 4535 837 4607 addet,
858 4553 926 4593 cum
948 4535 1003 4592 illa
1024 4533 1155 4609 (iterum,
1177 4535 1312 4612 tertium)
1333 4549 1457 4614 propter
1471 4542 1565 4601 bono·

236 4657 299 4697 rem
324 4657 393 4697 eum
419 4637 472 4713 qui
497 4638 654 4696 iteratione
680 4637 812 4695 eiusdem
839 4635 1034 4711 magistratus
1060 4634 1227 4693 continetur
1253 4635 1324 4694 addi
1350 4640 1476 4701 soleant.
1522 4641 1566 4702 Ut

238 4739 329 4816 igitur
349 4739 381 4796 in
403 4737 472 4796 aliis
494 4738 682 4810 muneribus,
708 4737 752 4796 ita
772 4736 862 4794 etiarn
884 4737 915 4793 in
937 4735 1133 4814 agonothesia
1154 4735 1181 4794 is
1203 4737 1342 4796 vocabuli
1364 4742 1471 4823 πρῶτος
1492 4759 1566 4801 usus

238 4839 327 4898 valet.
371 4836 450 4898 (1.1.
472 4837 552 4898 2007
580 4840 687 4922 πρῶτον
713 4829 744 4896 δὲ
765 4825 950 4910 ἀγωνοθέτην
971 4837 1021 4905 τῆς
1042 4827 1176 4918 Σιρραῖων
1197 4825 1307 4899 πάλεως
1330 4839 1374 4898 ila
1398 4840 1566 4918 intelligen-

237 4938 309 4997 dum
341 4945 387 4998 est
418 4945 579 5015 propterea
606 4937 687 5015 quod
714 4954 775 4994 nou
806 4937 897 4995 unius
925 4935 994 4996 lesti
1025 4936 1205 5012 agonotheta
1232 4947 1292 5013 est,
1324 4939 1377 4998 sed
1402 4949 1565 5018 perpetuus

237 5039 320 5098 urbis
348 5039 553 5116 magistratus.
595 5039 680 5099 Idem
706 5038 769 5098 fere
796 5036 876 5095 valet
903 5035 940 5096 tle
968 5035 1123 5096 vocabulis
1149 5027 1212 5095 ’uni
1240 5029 1426 5115 ἀγωνοθὲτον
1456 5031 1566 5124 repar'rov

317 5260 341 5322 ¹)
369 5261 402 5312 In
421 5261 498 5313 tertio
518 5261 592 5313 titulo
611 5275 668 5329 στρ.
690 5255 709 5307 l.
730 5277 753 5308 τ.
774 5249 787 5306 ὅ
805 5245 835 5308 τὲ
854 5253 1233 5328 1(τ11αρτον)111111111(“11ψ.
1253 5248 1318 5330 ἀρχ.
1339 5260 1430 5322 stat).

1321 5345 1362 5406 3·
