3750 5990
603 591 652 641 os
679 591 822 644 urrvms
849 591 1003 644 ATTIGIS.
1389 575 1462 646 249

136 763 202 820 eius
227 769 347 840 tempus
373 761 541 822 accuratius
568 761 739 834 definiatur,
768 763 872 839 paucis
901 761 1081 822 mouendum
1109 771 1168 835 est,
1196 781 1215 822 a
1239 763 1407 840 Borghesio
1433 765 1464 822 in
1531 775 1535 786 “

135 863 342 940 disputatione
369 863 406 921 de
427 863 578 921 Iuvenalis
604 869 711 938 poetae
737 869 834 920 aetate
857 862 951 938 (Opp.
974 861 1003 920 V
1023 883 1054 940 p.
1076 863 1204 941 49sqq.)
1229 863 1465 923 demonstratum

137 980 205 1022 esse
226 963 379 1022 Aetnilius
400 964 519 1022 luseum
539 971 570 1022 et
590 963 698 1022 Iulium
719 963 855 1022 Seuerum
875 965 1030 1036 consules,
1059 964 1098 1022 ad
1123 982 1251 1040 quorum
1279 984 1389 1023 anuum
1411 963 1466 1023 Ul-

137 1065 244 1142 pianus
267 1063 351 1140 (Dig.
367 1063 436 1136 XL,
455 1062 492 1136 V,
513 1063 533 1120 l.
550 1062 589 1122 28
610 1062 675 1140 §4)
698 1071 821 1122 senatus
844 1065 1012 1122 consultum
1028 1064 1204 1124 Iunciauum
1225 1066 1344 1138 referat,
1367 1066 1465 1124 fasces

138 1165 271 1242 gessisse
294 1165 407 1223 ultimis
429 1163 582 1222 mensibus
604 1163 674 1222 anni
699 1163 756 1222 127
780 1184 810 1242 p.
833 1162 905 1223 Chr.
929 1164 1005 1241 (880
1027 1185 1056 1222 ιι.
1079 1164 1129 1241 c).
1174 1165 1298 1227 Scilicet
1319 1168 1350 1225 in
1371 1167 1465 1242 diplo-

137 1275 217 1324 mate
238 1265 360 1324 militari
382 1266 470 1324 tertio
487 1265 599 1324 mensis
614 1264 754 1324 Octobris
776 1265 834 1336 die,
856 1284 922 1323 cum
937 1265 1110 1325 Hadrianus
1132 1266 1294 1344 imperator
1308 1267 1468 1326 tribunicio

136 1373 284 1442 potestate
304 1367 351 1424 xl
371 1373 453 1424 esset
474 1365 508 1440 (i.
530 1385 555 1423 e.
581 1364 639 1423 127
661 1383 691 1440 p.
714 1364 800 1442 Chr.)
822 1367 988 1443 composito
1010 1367 1057 1426 bis
1079 1367 1246 1444 perscripta
1267 1376 1338 1426 sunt
1359 1386 1467 1427 consu·
1496 1394 1503 1406 ·

137 1465 199 1524 lum
225 1466 360 1538 nominu;
388 1475 514 1542 utroque
540 1467 607 1524 loco
635 1465 795 1526 admodum
827 1468 963 1526 mutilata
992 1475 1077 1539 sunt,
1104 1467 1156 1527 sed
1183 1468 1369 1546 Borghesius
1397 1487 1467 1544 gra·

138 1565 271 1625 cissimis
300 1568 483 1644 argumentis
515 1565 612 1624 effecit
641 1583 666 1625 ι.
693 1581 820 1626 santulo
849 1583 947 1626 rvuco
974 1583 1037 1626 sex.
1068 1585 1152 1628 ivaro
1180 1583 1297 1628 ssvsuo
1324 1570 1467 1646 scriptum

137 1665 242 1725 fuisse.
277 1665 327 1726 Ad
342 1668 419 1726 hunc
434 1685 544 1725 annum
560 1667 651 1742 igitur
669 1667 760 1725 etiarn
774 1667 927 1726 Iuvenalis
943 1668 1043 1726 locum
1056 1667 1129 1740 XV,
1145 1669 1183 1727 27
1209 1672 1342 1744 „consule
1357 1671 1465 1728 Iunco“

137 1765 324 1826 referendum
346 1785 424 1826 esse.
457 1767 517 1826 Hic
538 1775 636 1826 autem
652 1768 726 1844 quin
740 1767 817 1826 idem
833 1767 922 1826 fuerit
936 1787 1002 1826 cum
1023 1768 1074 1826 illo
1090 1769 1140 1845 qui
1162 1771 1194 1829 in
1210 1771 1325 1830 Achaia
1345 1791 1468 1830 munere

137 1867 228 1943 legati
250 1869 426 1926 correctoris
448 1868 570 1926 functus
593 1877 648 1940 est,
673 1885 770 1943 neque
791 1867 976 1944 Borghesius
998 1869 1148 1928 dubitavit
1169 1889 1265 1947 neque
1288 1890 1467 1948 quemquam

137 1968 229 2026 alium
250 1967 451 2026 dubitaturum
473 1976 557 2046 puto.
599 1968 664 2026 lam
692 1971 720 2028 si
746 1968 870 2028 delinire
895 1969 1030 2029 volemus
1057 1988 1117 2046 quo
1140 1977 1276 2049 tempore
1297 1990 1363 2030 eam
1384 1972 1465 2048 lega·

137 2068 247 2127 tionem
274 2068 454 2144 susceperit,
480 2068 683 2145 quaerendum
709 2077 770 2140 est,
798 2075 897 2128 utrum
922 2077 992 2129 ante
1019 2071 1207 2130 consulatum
1229 2091 1266 2130 ea
1286 2072 1407 2132 functus
1430 2073 1468 2132 sit

137 2187 176 2226 au
196 2175 312 2245 postea.
355 2171 456 2245 Atque
482 2188 548 2228 oum
576 2169 737 2228 viderimus
763 2178 882 2246 praeter
907 2191 974 2230 eum
1000 2171 1098 2248 ipsum
1121 2190 1176 2230 sex
1198 2173 1367 2232 innotuisse
1389 2173 1467 2233 eius·

136 2268 218 2327 modi
239 2269 356 2346 legatos
378 2279 560 2330 correctores
579 2270 741 2329 liberarum
763 2271 939 2344 civitatium,
961 2273 999 2330 ad
1021 2272 1052 2329 id
1074 2273 1285 2331 attendendum
1308 2283 1364 2344 est,
1387 2275 1467 2350 quod

137 2389 176 2428 ex
198 2369 245 2428 hie
268 2370 288 2428 ii
311 2370 371 2429 duo
393 2372 445 2446 qui
467 2371 599 2429 Traiano
621 2379 652 2429 et
673 2370 829 2428 Hadriano
851 2370 1082 2448 imperatoribus
1104 2373 1236 2445 luerunt,
1266 2373 1414 2434 Maximus
1437 2383 1467 2433 et

137 2471 315 2530 Pactumeius
346 2471 488 2544 Clemens,
520 2491 556 2530 eo
589 2469 729 2537 muuero'
743 2479 813 2530 ante
846 2473 1034 2531 consulatum
1063 2469 1196 2547 luucti¹)
1223 2481 1303 2531 sunt.
1354 2472 1468 2532 Contra

137 2579 277 2648 quattuor
307 2571 354 2630 illi
385 2572 567 2631 recentiores
599 2573 652 2650 qui
680 2574 740 2630 iam
773 2573 950 2632 correctoris
983 2572 1103 2630 nornine
1129 2579 1253 2630 utuntur
1280 2591 1467 2650 quorumque

136 2691 224 2731 nemo
246 2671 412 2732 Commodo
434 2673 585 2749 antiquior
606 2683 653 2732 est
674 2673 834 2749 (Egnatius
849 2671 1003 2741 Proculus,
1021 2669 1059 2728 L.
1076 2671 1219 2748 Epnatius
1240 2672 1339 2730 l'ictor
1352 2673 1467 2731 Lolliu-

136 2793 204 2844 nue‚
235 2773 278 2832 Ti.
303 2774 444 2834 Claudius
473 2773 675 2850 Cullrppiunue
697 2774 834 2843 Italicus,
866 2773 916 2832 Cu.
948 2769 1087 2830 Claudius
1113 2770 1282 2847 Leonticus)
1310 2773 1349 2831 ad
1375 2793 1466 2833 unum

137 2893 241 2934 omues
262 2875 294 2934 iu
314 2874 411 2933 titulis
426 2868 561 2932 ὑπατικοί
573 2883 724 2932 vocantur.
762 2872 865 2946 Quare
879 2873 952 2946 quin
973 2890 1009 2930 ea
1027 2889 1077 2930 res
1091 2873 1313 2932 Antoninorum
1334 2880 1468 2952 tempore

138 2975 275 3034 inuutata
301 2975 356 3046 sit,
383 2975 505 3034 dubium
532 2993 593 3032 uon
618 2981 674 3034 est.
723 2973 790 3031 Imo
820 2971 909 3030 etiam
941 2989 993 3030 cur
1018 2971 1104 3031 initio
1125 2974 1269 3049 praetorii
1294 2975 1378 3034 missi
1399 2977 1469 3047 siut,

136 3076 282 3152 explicari
303 3093 395 3152 posse
420 3076 495 3135 mihi
521 3075 648 3132 videtur.
692 3071 768 3132 Cum
791 3073 870 3130 enim
892 3089 941 3130 res
966 3072 1033 3148 ipsa
1054 3074 1143 3150 plane
1164 3091 1244 3132 nova
1264 3081 1356 3150 atque
1376 3077 1468 3135 inusi-

137 3185 200 3236 tata
220 3184 314 3250 esset,
341 3177 372 3234 in
393 3177 549 3253 provincia
575 3173 727 3232 senatoris
747 3182 865 3249 praeter
885 3173 1098 3250 proconsulem
1119 3174 1309 3250 imperatoris
1332 3177 1467 3254 legatum

137 3279 242 3338 eadem
263 3293 352 3356 atque
380 3277 464 3336 illum
491 3281 640 3352 potestate
665 3272 780 3350 esse2),
805 3275 1001 3350 imperatores
1023 3273 1055 3331 id
1076 3280 1156 3333 certe
1178 3275 1297 3361 cavisse
1319 3277 1466 3350 videntur,

137 3398 175 3438 ne
188 3379 361 3456 dignitatem
376 3387 498 3437 senatus
513 3377 603 3436 nimis
618 3375 825 3447 inminuerent,
842 3375 867 3434 si
883 3375 1032 3433 hominem
1047 3375 1236 3434 consularem
1252 3394 1288 3434 eo
1304 3357 1465 3450 mitterent,

136 3499 204 3540 oum
225 3480 390 3558 proconsul
403 3479 537 3537 Achaiae
558 3495 619 3535 non
640 3484 720 3536 esset
740 3477 798 3534 uisi
820 3476 997 3552 praetorius.
1025 3475 1142 3536 Postea
1156 3485 1264 3550 autem,
1286 3495 1377 3553 quum
1391 3479 1468 3536 illud

136 3598 245 3640 munus
268 3579 409 3639 desiisset
428 3598 539 3637 novum
560 3585 649 3654 atque
670 3577 820 3636 insuetum
843 3593 924 3647 esse,
950 3576 1146 3649 imperatores
1169 3579 1234 3638 eius
1255 3579 1299 3637 rei
1320 3579 1467 3638 rationem

137 3701 196 3742 non
219 3681 349 3758 amplius
371 3679 537 3737 habendam
558 3679 713 3755 putabant.
758 3674 818 3736 Sed
841 3682 999 3750 utcumque
1020 3677 1076 3734 hoc
1098 3695 1131 3736 se
1151 3679 1251 3752 hahet,
1280 3697 1320 3737 ex
1341 3679 1467 3739 Maximi

137 3789 168 3841 et
181 3781 338 3840 Pactumei
352 3779 516 3838 Clementis
538 3778 685 3856 exemplis
706 3777 770 3836 iure
785 3777 926 3854 colligere
945 3775 1024 3846 licet,
1046 3776 1136 3834 etism
1151 3777 1277 3837 Iunoum
1290 3783 1467 3852 praetorium

137 3883 169 3942 iu
190 3881 338 3939 Achaiam
359 3880 485 3937 missum
506 3879 624 3955 esse³)‚
650 3879 693 3936 its
717 3886 830 3936 utnon
851 3884 921 3951 post
941 3893 1050 3932 annum
1075 3873 1133 3934 126
1155 3895 1184 3952 p.
1208 3875 1294 3947 Chn,
1323 3879 1375 3951 qui
1397 3897 1464 3936 eon·

137 3983 268 4042 sulatum
291 3981 467 4052 antecessit,
494 3979 598 4038 titulus
620 3989 745 4054 uterque
767 3985 796 4036 et
816 3977 935 4036 Atticus
957 3985 986 4034 et
1008 3973 1174 4052 Spartanus
1195 3975 1378 4051 compositus
1400 3993 1465 4036 esse

135 4084 244 4160 possit.
277 4080 367 4155 Quod
387 4079 466 4139 haud
487 4081 572 4158 parvi
587 4080 730 4138 momenti
751 4087 798 4138 est
819 4083 940 4154 propter
954 4076 1159 4153 quaestionem
1181 4076 1218 4134 de
1240 4081 1347 4134 senatu
1362 4075 1464 4136 Attico

135 4186 366 4264 quingentorum
387 4190 418 4241 et
438 4191 657 4242 sexcentorum.

212 4470 236 4532 1)
258 4465 396 4520 Maximum
419 4466 578 4532 praetorium
605 4465 685 4516 luisse
712 4480 769 4514 oum
797 4465 824 4514 in
848 4461 986 4514 Graeciam
1011 4462 1155 4511 mitteretur
1179 4459 1357 4512 demonstrant
1383 4461 1463 4514 Plinii

135 4563 215 4612 verba
239 4563 265 4623 8,
291 4562 335 4622 24,
356 4561 386 4608 7ι
419 4563 507 4608 onerat
529 4564 553 4606 te
576 4563 725 4623 quaesumus
741 4563 801 4605 truce
812 4554 889 4620 sumu
908 4570 981 4620 quam
1005 4569 1036 4603 ec
1054 4549 1177 4618 Bithynia
1196 4553 1312 4619 optusum
1335 4555 1462 4614 recusem,

136 4649 382 4709 onamsrtbunaau,
400 4655 526 4715 praehere
538 4655 612 4714 atque
625 4645 687 4697 tusc
704 4648 763 4714 e'peu
776 4646 869 4713 leqatio
883 4646 958 4712 quusi
973 4645 1110 4712 proemium
1128 4643 1199 4694 duta.
1231 4642 1391 4696 Pactumeius
1407 4642 1461 4696 Cle·

134 4757 210 4803 meue,
235 4741 257 4790 si
276 4741 394 4791 ordinem
413 4755 549 4791 munerum
566 4739 595 4789 in
614 4739 688 4788 titulo
707 4739 877 4804 perscriptum
895 4737 1033 4801 sequimur,
1058 4735 1124 4786 adeo
1149 4733 1299 4786 tribunicius
1318 4751 1349 4785 eo
1368 4737 1461 4786 missus

136 4839 184 4885 est.
220 4830 292 4881 Num
311 4831 382 4881 aliud
405 4837 489 4882 exstet
511 4829 657 4894 exemplum
675 4829 754 4894 legati
772 4829 885 4894 Augusti
903 4842 950 4893 pro
969 4833 1089 4893 preetore
1106 4827 1221 4878 noudum
1240 4835 1362 4891 praetura
1379 4825 1462 4876 funeri

135 4927 239 4990 ignoro.

211 5010 238 5074 ¹)
261 5011 321 5063 Nisi
340 5009 411 5076 quod
428 5011 503 5062 huius
516 5018 630 5077 potestas
649 5011 683 5062 ad
700 5011 795 5062 liberas
813 5011 936 5070 civitates,
957 5009 1026 5060 illius
1043 5009 1078 5060 ad
1096 5009 1221 5074 reliquam
1234 5007 1383 5074 provincias
1401 5019 1460 5073 par·

136 5114 189 5158 tem
207 5103 360 5170 pertinebat.

213 5193 238 5258 ⁸)
263 5194 415 5260 praesertim
433 5209 492 5246 oum
509 5193 585 5246 aliter
601 5182 717 5244 ιῖπατικδν
735 5195 763 5245 in
782 5193 857 5245 titulo
874 5193 964 5245 Attico
984 5193 1027 5244 vix
1047 5192 1214 5243 omitteretur.
