3812 5960
671 585 968 638 onsnnvarrornss
985 585 1104 638 anon.
1124 587 1177 637 ιιι.
1537 571 1582 642 69

329 719 333 728 ·
363 760 397 810 ab
416 760 499 810 altero
521 759 615 808 lateres

407 885 526 900 .....
544 847 548 915 Ι
570 849 686 900 libertor.
706 857 732 900 et
750 866 846 901 servor.
863 848 868 914 l
884 851 976 901 domus
994 853 1097 916 August
1117 849 1121 915 Ι
1144 853 1207 916 imp.
1228 851 1302 902 Caes.
1323 853 1377 904 'Iiti
1395 853 1448 902 divi
1464 849 1468 916 Ι
1485 855 1583 920 Vespa·

406 942 473 990 siani
493 941 512 990 i.
532 942 602 1004 Aug.
619 937 623 1002 Ι
641 942 668 990 in
686 977 694 991 .
715 977 721 991 .
740 976 747 991 .
768 958 785 992 n
805 976 812 992 .
831 978 839 992 .
859 943 886 991 ui
905 941 1050 1008 (aequantur
1067 943 1168 992 aomina
1186 943 1366 1010 sepiendae-ain).

365 1031 439 1082 Grut.
462 1035 504 1094 10,
525 1032 541 1082 5
559 1023 680 1082 ‘Grutaro
700 1032 883 1084 Gutenstenius
903 1035 947 1098 qui
965 1033 1028 1082 vidit
1046 1031 1248 1098 exscripsitque'.

252 1125 376 1186 Primae
407 1129 536 1186 honores
564 1129 770 1204 honorumque
799 1130 971 1188 iterationes
999 1139 1059 1187 tour
1086 1129 1174 1187 faciIe
1207 1130 1383 1206 explanabis
1411 1148 1500 1206 quam
1524 1127 1584 1190 Ge·

253 1227 342 1301 ryoni
371 1229 491 1304 aptabis
517 1237 669 1304 petasum3
698 1229 729 1286 in
757 1229 887 1288 secunda
908 1231 1105 1307 imperatores
1133 1239 1195 1289 tres
1221 1231 1413 1290 intemeratae
1438 1229 1585 1290 Christia-

253 1327 357 1384 nitatis
380 1331 558 1406 signumque
573 1331 715 1388 Heroulis
731 1331 853 1390 uictoris
876 1331 965 1388 simul
986 1331 1144 1408 splendent
1165 1341 1314 1408 tamquam
1338 1333 1369 1390 in
1383 1333 1487 1390 eodem
1501 1332 1585 1390 caelo

255 1425 310 1487 Sol
332 1435 362 1487 et
376 1428 477 1501 Luna3
500 1431 588 1489 tertia
604 1431 731 1506 denique
747 1450 861 1490 merum
877 1431 1052 1490 miraculum
1066 1440 1113 1490 est
1127 1449 1298 1508 proponens
1313 1432 1343 1490 in
1359 1432 1461 1490 eadem
1477 1449 1586 1491 somna

253 1527 451 1605 imperatores
479 1531 582 1590 Titum
610 1541 639 1590 et
661 1532 759 1590 Pium.
803 1531 947 1605 Quartam
968 1533 1100 1610 reperies
1123 1543 1152 1590 et
1173 1533 1409 1609 praescriptione
1430 1539 1460 1590 et
1480 1533 1585 1592 absur-

255 1629 348 1688 ditate
376 1651 478 1708 parem
506 1631 593 1692 Grut.
618 1634 707 1704 1014,
731 1633 759 1692 6.
803 1634 965 1693 Praeterea
986 1635 1053 1692 vide
1079 1633 1151 1692 mihi
1173 1634 1324 1692 hominem
1353 1633 1507 1704 callidum,
1534 1633 1587 1710 qui

254 1729 427 1808 importuno
455 1734 551 1792 amico
577 1735 614 1792 de
641 1735 735 1793 titulis
762 1735 828 1794 Istis
854 1735 1016 1810 aliquando
1045 1735 1208 1793 sciscitanti
1230 1751 1431 1811 responsurus
1458 1734 1498 1793 sit
1523 1741 1587 1792 tum

254 1849 308 1891 eos
330 1832 428 1892 denuo
449 1835 546 1894 visum
568 1835 604 1892 iri
626 1854 695 1895 cum
716 1843 785 1894 ruat
804 1835 932 1894 basilica
953 1833 985 1895 S.
1008 1835 1101 1894 Patri.
1144 1833 1223 1895 Sanc
1245 1853 1301 1893 nos
1323 1853 1443 1912 qnoque
1464 1851 1586 1912 persua·

255 1949 324 1991 sum
345 1935 489 1994 habemus
512 1921 601 1996 antea
622 1945 700 1995 certe
723 1936 870 1995 neminem
894 1953 946 1994 eos
968 1936 1099 1994 visurum
1121 1954 1199 1994 esse.

341 2033 368 2092 3.
402 2037 486 2094 Inter
506 2056 551 2108 ea,
579 2057 655 2113 quae
676 2057 715 2096 ex
738 2037 919 2097 Metellianis
943 2037 1101 2112 desumpta
1122 2035 1340 2096 Gutenstenius
1364 2035 1494 2096 Grutero
1516 2036 1587 2094 sub-

256 2135 348 2208 misit,
370 2155 430 2196 non
453 2139 547 2196 multa
569 2149 647 2212 sunt,
675 2139 757 2215 quod
785 2138 905 2213 quidem
932 2137 1024 2196 sciam
1052 2137 1134 2214 (nam
1162 2139 1275 2196 urbana
1296 2137 1415 2214 aliaque
1436 2135 1590 2212 complura

256 2238 298 2296 ibi
326 2238 422 2296 relata
448 2239 584 2314 equidem
611 2259 667 2316 pro
694 2241 752 2298 mei
779 2240 870 2298 officii
902 2239 1012 2298 finibus
1039 2258 1099 2296 non
1127 2239 1165 2296 ad
1191 2239 1334 2298 amussim
1362 2237 1588 2314 pervestigari),

256 2356 335 2414 quae
356 2341 479 2398 redeant
499 2341 530 2398 in
560 2341 740 2400 Metellianis
761 2341 799 2400 iis
826 2359 903 2416 quae
929 2339 1019 2398 hodie
1047 2348 1217 2416 supersunt.
1262 2337 1321 2400 Sed
1343 2339 1399 2397 hoc
1419 2357 1479 2398 non
1500 2355 1588 2416 urge·

257 2459 336 2511 mus,
357 2459 424 2499 cam
446 2443 509 2500 lieri
528 2443 668 2518 potuerit,
691 2449 723 2500 ut
736 2451 807 2518 post
822 2440 1053 2501 Gutensteniurn
1069 2458 1140 2518 pars
1155 2440 1396 2498 Metellianorum
1409 2456 1483 2498 casu
1497 2440 1588 2498 inter-

256 2541 334 2600 ierit.
370 2543 468 2601 Ater
491 2543 528 2600 iis
551 2562 627 2618 qnae
648 2543 691 2600 ibi
712 2542 848 2614 redeunt,
871 2543 1073 2619 suspicionem
1095 2542 1209 2600 fraudIs
1231 2549 1352 2599 mouent
1372 2548 1452 2598 certe
1468 2539 1588 2598 Brixia·
1666 2619 1671 2628 ι

257 2661 313 2701 nae
335 2643 410 2701 duae
432 2641 664 2703 aGutenstenio
686 2663 725 2702 ex
747 2643 930 2702 Metellianis
946 2643 1113 2720 descriptae
1129 2639 1270 2702 Grutero.
1306 2641 1386 2700 Nam
1399 2639 1589 2716 reperiuntur

256 2744 377 2820 quidem
398 2745 431 2803 in
452 2746 629 2823 corporibus
644 2744 800 2804 Brixianis
815 2744 929 2803 duobus
948 2743 1077 2802 servatis
1092 2742 1189 2801 adhuc
1202 2743 1280 2800 inter
1295 2741 1467 2801 Metelliana
1481 2739 1588 2798 biblio·

258 2845 361 2905 thecae
371 2845 543 2917 Vaticanus,
566 2845 620 2904 sed
641 2855 674 2905 ut
694 2847 725 2904 in
747 2846 795 2906 his
817 2846 955 2924 legantur
975 2845 1179 2914 intemeratae,
1201 2841 1281 2920 apud
1297 2840 1462 2901 Gruterum
1483 2847 1587 2900 auctu

256 2946 470 3006 additamentis
492 2947 588 3006 falsis.
631 2945 799 3024 Utramque
820 2945 996 3023 subscripsi.

360 3069 460 3119 Ibidem
480 3067 585 3134 (legitur
602 3069 629 3118 in
642 3084 742 3120 summo
755 3059 938 3129 iolio‘Burni',
1013 3065 1094 3118 Burni
1113 3072 1187 3116 extra
1206 3065 1332 3116 Brixiam.

361 3158 406 3209 aad
423 3151 532 3209 ‘ibidem'
554 3159 619 3210 illud
637 3161 748 3224 pertinet
766 3160 800 3210 ad
823 3159 851 3210 id
868 3159 938 3225 quod

361 3251 479 3314 proxim
497 3251 631 3316 praecedit
644 3243 680 3302 ‘in
700 3251 818 3303 Fartstini
835 3265 939 3301 monas·

361 3333 452 3402 terio').
599 3342 734 3392 Minervas
1214 3341 1348 3391 Minervae

612 3435 717 3498 August
1231 3414 1335 3476 ΜΒΝ

576 3523 638 3577 Sex.
657 3523 760 3588 Dugiua
1093 3502 1098 3513 '
1182 3487 1245 3540 Sex·
1263 3485 1381 3536 Drunius

577 3615 698 3665 Valentio
717 3615 758 3665 VI
1186 3559 1372 3695 Vlisseliiug.

576 3706 616 3756 vir
689 3707 732 3756 An
752 3741 774 3764 .,
1244 3705 1270 3756 d.
1290 3705 1317 3756 d.

361 3797 549 3848 Metelluscod.
563 3721 824 3848 1151.30301.8403’.
842 3797 935 3849 Paullo
1010 3796 1084 3848 Grut.
1111 3798 1154 3858 81,
1181 3797 1197 3848 5
1224 3786 1267 3848 ‘ex
1293 3810 1340 3844 ms.
1365 3792 1464 3844 Metalli
1491 3790 1588 3842 Goton-

416 3893 517 3944 diversc
534 3892 593 3944 cod.
611 3893 672 3942 Vat.
693 3893 764 3944 0033
784 3893 803 3942 i.
824 3891 885 3942 154.
1066 3882 1180 3938 stenius'.

360 4045 469 4098 Ibidem.
1163 4038 1246 4088 Extra
1263 4033 1391 4084 Brixiam.

622 4119 647 4168 d.
698 4135 732 4169 ιιι.

565 4210 622 4261 Pan
731 4209 786 4260 tino
1159 4201 1217 4252 Pan
1242 4213 1322 4255 arca·
1347 4197 1402 4248 tino

581 4307 622 4351 ret
657 4315 701 4355 mr
727 4303 793 4351 iario
1168 4292 1217 4344 reti
1241 4305 1322 4350 pressa
1349 4289 1405 4339 ario

546 4393 624 4458 quivi
641 4398 715 4449 tmaao
731 4391 815 4442 xitan
1134 4385 1178 4450 qui
1190 4385 1217 4434 vi
1238 4384 1271 4422 θ’(
1285 4379 1327 4419 'iti
1348 4381 1388 4431 xit
1400 4394 1434 4430 an

574 4499 623 4534 nos
730 4483 828 4534 xxm
1169 4491 1216 4527 noa
1247 4463 1321 4514 ‘mm
1348 4471 1446 4524 XXIII

527 4576 625 4626 m.IIII
733 4571 822 4624 natio'
1150 4583 1182 4617 m.
1202 4569 1259 4618 IIII
1296 4567 1322 4616 d.
1365 4565 1420 4615 VII

505 4655 509 4664 ’
572 4667 644 4729 Fryx
668 4678 767 4732 pugnat
1200 4659 1271 4708 natio
1296 4658 1368 4722 Fryx

552 4773 597 4807 nm
620 4757 646 4807 V
671 4757 787 4821 Ingenua
1205 4763 1313 4814 pugnat.
1337 4748 1363 4798 V

561 4849 648 4914 posuit
678 4847 779 4912 coniugi
1048 4893 1051 4900 ,
1141 4841 1257 4905 Ingenua
1274 4839 1361 4904 posuit
1380 4852 1429 4887 con

562 4939 627 4989 luero
646 4955 704 4989 cum
723 4953 774 5003 quo
1105 4931 1160 4996 iugi
1178 4931 1242 4982 iero
1261 4945 1319 4981 cum
1338 4945 1389 4994 quo
1409 4928 1461 4977 vix.

554 5032 620 5080 uixit
632 5029 787 5080 an.Vm.Il
1131 5037 1174 5072 an.
1193 5023 1218 5074 V
1237 5037 1272 5072 m.
1291 5021 1319 5072 11
1338 5018 1364 5069 d.
1383 5019 1437 5069 VII

361 5123 484 5176 Metellus
503 5123 560 5173 cod.
574 5125 633 5174 vat.
648 5121 718 5172 0039
732 5120 752 5170 i.
766 5119 829 5172 405.
848 5118 941 5171 Paullo
1015 5114 1089 5167 Grnt.
1110 5113 1172 5175 333,
1187 5113 1204 5166 9
1221 5103 1446 5166 ‘Gatensteaiuse
1466 5105 1522 5160 cod.
1543 5117 1589 5153 ma.

417 5215 520 5266 diverw
539 5215 596 5266 cod.
616 5214 687 5265 0038
707 5211 726 5262 i.
742 5211 803 5264 158.
1076 5197 1193 5257 Metalli.
