3826 5962
639 1063 764 1178 PllR
800 1059 1138 1176 ultionum
1175 1058 1484 1176 wlcanus.

959 1331 1162 1344 ...ι-...ψ-

479 1518 546 1577 ‘Per
572 1511 707 1576 tutorem'
735 1521 765 1575 et
783 1511 889 1575 ‘tutore
915 1511 1045 1576 auctore'
1073 1515 1166 1575 verba
1191 1514 1325 1594 plerique
1351 1513 1526 1591 peritiorum
1552 1514 1595 1574 ita
1620 1512 1725 1573 distin·

397 1629 506 1698 gaunt,
532 1624 565 1677 nt
589 1616 665 1676 illud
690 1617 805 1678 dicatur
825 1617 878 1676 ubi
899 1617 982 1676 solus
1005 1625 1086 1676 tutor
1106 1635 1168 1676 rem
1189 1625 1329 1694 peragat,
1355 1615 1414 1675 hoc
1434 1615 1484 1674 nbi
1505 1615 1570 1692 ipse
1591 1613 1725 1692 pupillus

397 1741 460 1780 rem
482 1729 575 1798 gerat,
598 1727 678 1778 tutor
698 1727 797 1777 autem
819 1717 947 1777 oonsilio
969 1727 1000 1775 et
1020 1717 1200 1776 anctoritate
1220 1716 1372 1794 negotium
1395 1716 1558 1775 confirmet.

481 1824 524 1879 At
545 1837 616 1878 vero
642 1824 792 1897 repugnat
818 1825 922 1877 notum
948 1818 1126 1894 rescriptum
1148 1816 1235 1876 Decii
1262 1817 1452 1891 imperatorie
1475 1818 1512 1876 de
1533 1817 1725 1894 possessione

395 1921 502 1983 infanti
524 1918 696 1997 quaerenda
717 1918 787 1978 Μ
809 1917 845 1978 0.
868 1919 904 1977 de
926 1935 1009 1996 poss.
1033 1917 1062 1991 7,
1078 1917 1131 1977 32:
1157 1914 1353 1976 ‘Donatarum
1381 1937 1481 1977 rerum
1509 1936 1529 1975 a
1548 1935 1725 1995 quacunque

396 2037 526 2100 persona
546 2021 654 2078 infanti
675 2037 771 2078 vacua
785 2019 939 2096 possessio
954 2017 1064 2077 tradita
1078 2036 1204 2096 corpore
1219 2018 1380 2094 quaeritur.
1417 2019 1557 2094 quamvis
1572 2018 1651 2077 enim
1665 2019 1727 2080 sint

397 2113 552 2184 auctorum
580 2121 743 2179 sententiae
771 2119 1001 2190 dissentientes,
1029 2129 1129 2178 tamen
1150 2119 1316 2178 consultius
1338 2119 1465 2192 videtur,
1492 2119 1628 2193 interim,
1655 2120 1726 2178 licet

396 2223 490 2282 animi
515 2219 623 2298 plenus
644 2237 704 2279 non
725 2220 833 2280 fuisset
854 2222 994 2294 affectus,
1015 2220 1239 2300 possessionem
1260 2239 1316 2298 per
1336 2219 1525 2279 traditionem
1546 2237 1616 2279 esse
1636 2229 1725 2296 quae·

396 2324 499 2381 sitam:
524 2319 672 2397 alioquin,
695 2321 782 2380 sicuti
803 2322 1020 2382 consultissimi
1040 2323 1097 2382 riri
1118 2321 1279 2398 Papiniani
1299 2339 1448 2398 responso
1468 2321 1647 2392 continetur,
1671 2339 1724 2380 nec

395 2423 515 2502 quidem
536 2439 591 2498 per
612 2429 740 2482 tutorem
760 2421 866 2480 infanti
880 2421 991 2498 poterit
1005 2417 1141 2498 adquiri?
1175 2439 1272 2498 neque
1286 2422 1365 2480 enim
1380 2431 1413 2482 nt
1427 2421 1509 2480 solus
1523 2428 1606 2480 tutor
1619 2421 1724 2480 infanti

396 2523 621 2602 possessionem
642 2529 768 2598 quaerat
789 2540 845 2581 suo
868 2531 946 2594 actu,
969 2521 1022 2581 sed
1044 2529 1160 2580 tantum
1181 2529 1215 2580 ut
1235 2521 1399 2582 auctoritas
1415 2529 1495 2581 recte
1508 2521 1723 2598 interponetur,

395 2641 519 2685 necesse
545 2629 593 2681 est
616 2621 713 2700 ipsius
735 2622 858 2681 infantis
878 2618 1030 2699 ‘corpore’,
1056 2622 1087 2680 id
1113 2630 1160 2682 ast
1187 2621 1441 2698 apprehensione,
1467 2631 1498 2682 et
1523 2623 1623 2684 animo
1647 2621 1726 2683 ‘licet

395 2725 494 2784 minus
508 2719 617 2800 plenoi,
639 2741 699 2782 non
715 2723 810 2782 solam
826 2723 1038 2795 detentionem,
1053 2723 1107 2782 sed
1121 2723 1218 2799 ipsam
1231 2718 1467 2800 ‘possessionem’
1486 2719 1621 2783 ‘interim'
1634 2729 1729 2797 certe:

394 2825 427 2886 id
453 2834 500 2885 est
526 2824 621 2883 donec
648 2833 728 2882 tutor
755 2825 964 2884 auctoritatem
992 2833 1044 2883 aut
1068 2823 1272 2883 accommodet
1292 2830 1344 2882 aut
1365 2823 1507 2900 deneget,
1535 2825 1642 2884 infanti
1663 2826 1723 2885 iam

395 2943 465 2986 esse
485 2925 663 3000 quaesitam.
700 2931 730 2982 et
749 2924 792 2982 ita
805 2925 929 3002 primns,
951 2924 1032 3002 qnod
1048 2925 1151 2996 sciam,
1173 2923 1348 2983 Alexander
1362 2922 1578 2984 Constantinus
1593 2923 1726 2987 Sendrea

395 3027 548 3096 Romanru
578 3025 610 3083 in
638 3023 847 3084 dissertatione
873 3025 910 3084 de
937 3027 1130 3101 possessione
1158 3044 1213 3102 per
1237 3025 1328 3084 alium
1357 3025 1543 3102 adquirenda
1573 3025 1724 3102 (Berolini

399 3126 492 3201 1865)
515 3143 583 3204 pag.
600 3125 638 3183 37
661 3143 724 3183 rem
746 3125 908 3204 expedivit.

480 3224 543 3285 Sed
564 3231 631 3283 utut
651 3225 727 3284 haec
746 3225 858 3284 rectius
881 3243 970 3302 quam
992 3236 1081 3286 antea
1100 3225 1254 3286 intellecta
1269 3245 1305 3286 ac
1320 3227 1472 3303 disputata
1485 3227 1605 3302 luerint,
1626 3237 1726 3290 tamen
1757 3277 1764 3285 .

395 3325 541 3386 eiusmodi
562 3325 723 3385 locutionis
745 3325 842 3385 adhuc
863 3325 983 3386 defuere
1005 3327 1184 3386 testimonia
1221 3327 1412 3404 nequeenim
1427 3330 1531 3406 negari
1546 3330 1645 3406 potuit
1663 3326 1727 3409 ‘per

394 3421 530 3487 tutorem’
553 3436 624 3485 tunc
645 3426 763 3484 demum
786 3426 851 3484 fieri
873 3425 968 3496 rideri
991 3427 1039 3485 ubi
1062 3427 1145 3486 solus
1165 3436 1248 3486 tutor
1264 3437 1343 3503 agat,
1364 3445 1425 3486 non
1438 3428 1488 3487 ubi
1502 3429 1611 3506 pupilli
1625 3433 1727 3509 agenti

395 3529 602 3586 auctoritatem
623 3526 781 3585 dumtaxat
802 3527 1018 3586 accommodet:
1046 3525 1081 3586 L.
1100 3529 1114 3585 l
1133 3527 1151 3585 3
1172 3526 1212 3586 20
1232 3526 1272 3587 D.
1295 3527 1332 3588 de
1356 3545 1439 3604 poss.
1462 3528 1527 3606 (41,
1541 3527 1575 3606 2)
1596 3529 1668 3590 Iud
1688 3529 1725 3592 C.

394 3627 515 3704 quando
537 3645 576 3685 cx
597 3626 677 3684 facto
699 3627 806 3685 tutoris
828 3627 872 3703 (5,
888 3626 952 3703 39).

477 3725 597 3786 Gratus
619 3727 711 3803 igitur
737 3728 909 3802 supervenit
930 3727 1090 3806 Bingensis
1116 3729 1220 3788 titulus
1245 3729 1422 3804 sepulcralis
1449 3729 1548 3790 editus
1575 3749 1671 3807 nnpsr
1690 3732 1725 3790 in

393 3827 583 3907 ephemeride
604 3827 830 3904 archaeologica
850 3825 1079 3905 Borolinensi¹)
1101 3829 1265 3888 indubitate
1287 3829 1330 3887 ita
1349 3829 1507 3905 legendus:
1535 3825 1577 3890 Ὁ.
1596 3829 1723 3891 Vescius

393 3927 429 3991 0.
449 3926 602 4004 lib(ertns)
622 3927 627 4005 Ι
646 3926 767 3987 Primus
788 3927 888 3987 lanius
909 3928 986 4005 h(ic)
1009 3928 1116 4006 s(itue)
1139 3929 1224 4006 e(st).
1244 3925 1249 4009 Ι
1275 3927 1310 3988 C.
1326 3929 1454 3989 Vescius
1476 3929 1512 3990 C.
1533 3930 1646 4008 s(ilius)
1669 3929 1723 3992 Se·

393 4047 482 4090 verns
506 4028 512 4105 Ι
536 4037 566 4086 et
591 4028 755 4104 Peregrina
783 4025 817 4086 Ο.
842 4023 848 4108 Ι
870 4027 961 4088 Vesci
988 4029 1052 4088 iilia
1079 4028 1221 4110 focerulnt
1247 4049 1301 4106 per
1327 4036 1479 4090 auctorem
1504 4031 1659 4106 {tutorem
1685 4029 1723 4090 C.

392 4129 502 4190 Vescio
520 4129 525 4205 Ι
545 4127 580 4187 C.
596 4127 734 4204 lib(erto)
749 4123 870 4187 Vaaroi
902 4147 971 4188 nam
992 4129 1035 4188 ibi
1054 4125 1116 4206 ‘por
1137 4125 1273 4188 tutorem'
1293 4147 1350 4206 pro
1369 4127 1475 4189 ‘tutore
1497 4127 1626 4190 suctore'
1648 4131 1724 4190 dioi-

392 4239 441 4290 tur
461 4229 550 4306 idque
572 4237 698 4306 apparet
719 4247 779 4288 non
802 4227 897 4287 solum
919 4248 959 4288 ex
980 4215 1178 4307 appositione,
1200 4231 1413 4290 verumetiam
1435 4249 1474 4290 ex
1496 4230 1645 4290 ablativis.

395 4386 597 4399 ——n—

472 4463 494 4524 Ι)
523 4466 558 4513 a.
574 4463 644 4513 scae
665 4464 714 4513 101.
730 4465 763 4513 ar
783 4480 809 4529 p.
823 4467 858 4516 το
881 4467 926 4516 un
945 4467 1121 4519 nomento
1144 4469 1298 4534 sessura
1316 4469 1365 4520 nbi
1385 4483 1442 4520 eam
1455 4435 1617 4520 toutonem
1637 4474 1723 4519 orum

393 4553 474 4603 videri
493 4568 525 4604 ex
545 4553 653 4603 duarum
672 4553 842 4606 romulu-um
861 4557 981 4622 imperita
999 4558 1158 4609 confusione.

1516 4682 1678 4740 Rvnoars.

825 5389 926 5441 Formis
945 5389 1110 5441 Academicis
1129 5389 1172 5452 (G.
1187 5392 1284 5468 Vopt).
