3750 5990
376 581 449 652 988
947 597 1128 650 mommsen

375 763 482 832 Μάνιος
501 761 623 830 ’Amisso
644 759 751 824 Μανιόυ
774 761 833 828 viic
851 760 1020 844 ’oarqavfle
1042 786 1070 826 v.
1093 767 1122 824 4.
1166 765 1239 824 Fuit
1264 785 1299 824 ea
1319 771 1415 824 aetate
1436 764 1488 823 Μ’.
1510 765 1626 824 Acilius
1647 763 1700 824 Μ’.

416 872 436 930 l.
461 869 586 930 Glabrio
612 869 719 928 duovir
744 869 812 960 aedi
837 868 1019 927 dedicandae
1045 888 1072 927 a.
1096 867 1154 926 573
1183 866 1264 942 (Lir.
1284 866 1334 938 40,
1358 865 1422 941 34),
1445 866 1552 934 ΙοοιιοιιΙ
1579 883 1607 923 a·
1629 865 1700 924 600.

415 969 476 1032 Sed
497 972 572 1030 duos
593 979 657 1028 tum
678 969 796 1029 Manios
818 970 934 1028 Acidios
956 969 1048 1028 Manii
1071 969 1151 1027 filios
1172 968 1204 1026 in
1224 975 1331 1026 senatu
1349 966 1446 1025 fuisse
1467 967 1623 1044 probabile
1644 975 1702 1036 est,

415 1091 482 1132 cum
504 1071 585 1147 quod
605 1090 661 1148 per
686 1090 722 1130 ea
741 1081 877 1146 tempora
902 1079 1021 1148 praeter
1044 1070 1160 1128 Acilios
1182 1066 1361 1128 Glabriones
1386 1067 1477 1126 etiam
1501 1067 1592 1126 Acilii
1612 1065 1704 1128 Balbi

415 1173 579 1232 flomerunt
603 1181 633 1230 et
658 1172 717 1248 ipsi
742 1171 836 1230 Manii
861 1170 1053 1248 praenomine
1078 1188 1168 1246 saepe
1195 1170 1243 1228 usi
1270 1169 1318 1245 (ut
1343 1189 1369 1227 a.
1393 1169 1453 1227 604
1480 1169 1580 1228 fasces
1606 1167 1704 1246 gessit

415 1273 467 1333 M‘.
489 1275 607 1332 Acilius
627 1272 664 1332 L.
679 1272 700 1332 f.
716 1272 841 1348 Balbus)
862 1279 924 1330 tum
946 1273 1027 1347 quod
1048 1271 1079 1328 in
1100 1271 1158 1329 boc
1180 1289 1239 1328 uno
1260 1269 1380 1329 homine
1395 1269 1490 1328 tribus
1512 1268 1704 1340 adscribitur,

414 1385 487 1452 puto
508 1383 542 1434 ut
562 1394 616 1452 per
637 1393 702 1433 cam
724 1373 783 1432 duo
804 1373 937 1432 eiusdem
959 1372 1088 1431 nominis
1109 1371 1165 1430 viri
1188 1372 1424 1448 distinguantur,
1451 1369 1482 1428 id
1503 1370 1584 1445 qnod
1610 1369 1703 1428 etiam

415 1475 580 1535 Foucartus
608 1485 687 1534 recte
714 1475 870 1534 intellexit.
916 1472 993 1533 Uter
1017 1473 1110 1550 igitur
1135 1473 1331 1550 significetur,
1359 1469 1484 1532 Glabrio
1511 1489 1551 1530 an
1577 1469 1704 1540 Balbus,

415 1577 558 1634 incertum
581 1585 637 1634 est.

373 1667 456 1736 Τι’τοο
477 1667 606 1741 Νομιόιοο
627 1669 710 1732 Timo
733 1665 792 1736 viic
814 1695 841 1734 v.
864 1677 892 1735 5.
927 1674 1008 1734 Idem
1031 1685 1086 1747 est,
1108 1675 1159 1751 qui
1181 1673 1262 1751 apud
1276 1672 1397 1732 Livium
1418 1673 1469 1744 45,
1495 1672 1542 1744 17,
1565 1672 1584 1729 3
1607 1671 1705 1730 nomi·

413 1787 504 1836 natur
522 1776 599 1835 inter
613 1777 728 1855 legatos
749 1795 810 1836 non
825 1776 1000 1835 consulares
1015 1776 1044 1833 in
1059 1775 1266 1834 Macedoniam
1281 1774 1390 1834 missos
1411 1791 1440 1832 a.
1456 1772 1515 1833 587
1531 1771 1569 1830 ad
1588 1789 1637 1831 res
1658 1771 1704 1830 ibi

414 1878 595 1938 ordinandas
617 1877 654 1936 Τ.
677 1875 833 1936 Numisius
854 1875 1091 1954 Tarquiniensis.

372 1971 492 2040 Minimo
513 1978 636 2038 Μούκιος
658 1973 773 2036 Κοΐντου
802 1969 862 2038 υἱοό
887 1997 914 2036 v.
940 1979 986 2036 15.
1029 1975 1217 2054 Intellegitur
1242 1975 1277 2034 P.
1307 1973 1428 2034 Mucius
1451 1971 1488 2048 Q.
1512 1973 1531 2031 f.
1555 1971 1704 2033 Scaevola

414 2079 520 2136 consul
541 2097 568 2136 a.
584 2079 655 2150 579,
675 2079 844 2156 consularis
858 2079 957 2156 igitur,
979 2095 1040 2155 quo
1055 2087 1188 2154 tempore
1202 2077 1239 2135 de
1253 2075 1417 2135 Thisbaeis
1433 2081 1555 2134 senatus
1570 2075 1703 2134 decrevit

413 2186 444 2236 et
464 2187 623 2256 propterea
643 2180 740 2254 primo
760 2181 828 2239 loco
849 2179 1018 2238 nominatus
1037 2177 1115 2238 inter
1136 2195 1199 2251 eos,
1221 2177 1273 2254 qai
1287 2177 1447 2253 posteriori
1468 2176 1606 2236 consulto
1628 2177 1701 2236 scri-

414 2277 512 2336 bendo
533 2278 699 2338 adfuerunt.
1116 2339 1121 2348 ,

372 2371 511 2463 Mciopaoc
531 2370 677 2440 Κλαύδιος
699 2369 836 2462 Μαοῖρκου
859 2370 916 2446 υἱός
938 2399 964 2438 v.
988 2381 1034 2439 16.
1070 2378 1260 2457 Intellegitur
1281 2379 1322 2438 Μ.
1346 2376 1491 2438 claudius
1512 2378 1554 2436 Μ.
1575 2378 1597 2436 f.
1620 2379 1702 2456 Mar·

413 2481 507 2540 cellas
533 2491 655 2558 praetor
679 2500 707 2540 a.
729 2500 757 2538 u.
780 2499 806 2539 c.
829 2469 888 2538 585
916 2479 998 2554 (Liv.
1021 2480 1076 2551 43,
1101 2479 1168 2554 11),
1197 2479 1301 2538 consul
1327 2497 1354 2537 a
1378 2477 1448 2538 588.
1473 2479 1543 2539 599.
1567 2478 1637 2552 603,
1663 2497 1700 2538 eo

413 2583 504 2660 igitur
531 2589 674 2660 tempore,
696 2601 757 2658 quo
779 2589 900 2640 senatus
929 2581 1099 2640 consultum
1126 2580 1238 2662 iactum
1266 2588 1321 2652 est,
1348 2589 1505 2655 praeturae
1532 2581 1699 2657 proximus.

412 2682 492 2743 Nem
513 2683 550 2742 de
572 2683 633 2742 alio
653 2683 695 2742 M.
719 2681 844 2742 Claudio
866 2683 907 2742 M.
930 2681 950 2740 f.
972 2680 1113 2740 Marcello
1136 2681 1256 2740 consule
1278 2699 1305 2738 a.
1329 2680 1399 2752 571,
1424 2680 1564 2740 defuncto
1586 2701 1614 2739 a.
1637 2681 1698 2741 585

414 2784 494 2860 (Liv.
516 2783 567 2856 43,
596 2783 647 2859 18)
675 2783 801 2862 cogitari
826 2801 887 2842 non
912 2788 1023 2860 potest,
1050 2782 1191 2858 quoniam
1219 2782 1269 2841 hio
1296 2780 1455 2857 ponendus
1481 2781 1538 2841 luit
1564 2793 1633 2842 ante
1660 2780 1698 2856 Q.

411 2886 545 2944 Mucium
566 2883 717 2944 consulem
739 2903 766 2940 a.
789 2883 859 2941 579.

370 2976 479 3046 Μάνιος
499 2975 618 3068 Σέργιος
641 2975 748 3042 Μανίου
771 2973 831 3044 υἱός
852 3003 879 3042 v.
904 2983 951 3041 16.
995 2983 1088 3042 Recte
1108 2982 1278 3042 Fouoartus
1305 2983 1426 3062 negarit
1450 2981 1584 3061 intellegi
1610 3001 1700 3060 posse

411 3087 453 3146 Μ.
476 3085 613 3166 Sergium
636 3083 730 3146 Silum
755 3092 923 3162 praetorem
945 3103 973 3142 a.
996 3103 1025 3142 u.
1048 3103 1074 3143 c.
1096 3085 1170 3156 5573
1197 3085 1224 3142 is
1252 3083 1331 3142 enim
1358 3091 1427 3162 post
1447 3085 1622 3144 Marcellum
1643 3087 1696 3145 ho

413 3185 523 3244 minem
544 3202 604 3243 non
625 3186 809 3260 praetorium
830 3185 970 3244 collocari
991 3203 1051 3243 non
1072 3185 1179 3261 potuit,
1204 3169 1359 3260 praeterea
1379 3185 1501 3245 Marcus
1522 3186 1624 3263 potius
1643 3187 1702 3246 fuit

412 3301 500 3361 quarn
522 3284 642 3342 Manius
664 3282 717 3358 (cf.
738 3283 807 3341 rdm.
829 3284 1009 3345 Minrwesen
1030 3305 1059 3361 p.
1083 3285 1168 3359 553).
1203 3284 1252 3342 De
1273 3285 1336 3343 filio
1358 3285 1423 3344 eius
1443 3285 1484 3344 M.
1506 3283 1611 3364 Sergio
1634 3285 1699 3348 Silo

414 3402 502 3460 quem
529 3383 636 3442 Livius
664 3384 715 3456 40,
743 3381 794 3456 44,
821 3385 839 3443 5
868 3385 971 3443 scribit
995 3405 1022 3442 a
1046 3383 1105 3443 588
1131 3385 1262 3463 legatum
1288 3385 1320 3443 in
1344 3385 1520 3444 Macedonia
1543 3388 1700 3461 meruisse,

412 3485 538 3560 cogitari
566 3484 652 3555 licet;
685 3503 864 3561 quamquam
896 3505 934 3544 ns
964 3485 995 3542 in
1021 3485 1078 3542 hoc
1103 3484 1222 3561 quidem
1248 3503 1341 3544 causa
1366 3494 1412 3544 est
1438 3505 1491 3544 our
1518 3505 1700 3564 praenomen

410 3585 505 3643 Marci
532 3592 705 3660 corruptum
733 3602 800 3642 esse
821 3593 968 3660 putemus.
1012 3584 1166 3661 Superest,
1191 3604 1280 3662 quem
1301 3587 1372 3645 item
1394 3583 1565 3647 Foucartus
1583 3590 1698 3663 attulit,
1734 3653 1740 3658 ,

412 3685 532 3746 Manius
555 3683 678 3760 Sergius
700 3703 726 3742 a.
747 3701 775 3742 u.
791 3703 817 3744 o.
833 3685 891 3744 591
915 3704 983 3745 cum
1005 3685 1040 3746 0.
1063 3683 1197 3764 Sulpicio
1218 3687 1335 3766 legatus
1357 3687 1389 3745 in
1405 3685 1565 3747 Graeciam
1587 3691 1698 3750 missus

413 3785 537 3863 (Polyb.
560 3787 611 3857 31,
626 3785 655 3858 9,
672 3785 715 3861 6),
736 3804 825 3862 quem
845 3787 999 3864 probabile
1021 3795 1066 3847 est
1087 3787 1167 3846 hunc
1187 3787 1288 3864 ipsum
1309 3805 1385 3848 esse.
1418 3785 1478 3862 Qui
1498 3808 1554 3866 pro
1576 3791 1701 3851 consule

410 3887 577 3964 Hispaniae
604 3887 734 3964 praefuit
755 3895 852 3946 aetate
876 3887 989 3946 liberae
1010 3888 1055 3946 rei
1079 3888 1216 3965 publicae
1237 3888 1288 3947 Μ’.
1312 3886 1449 3965 Sergium
1470 3889 1521 3950 Μ’.
1542 3890 1563 3949 f.
1586 3865 1699 3968 (roll

409 4009 438 4047 n.
463 3989 541 4048 1486
565 4013 602 4039 =
626 3987 657 4046 11
686 4009 714 4047 n.
742 3987 838 4062 4956)
869 4006 930 4064 quo
958 3989 1056 4048 minus
1077 3989 1259 4066 proeodem
1280 3990 1454 4063 habeamus,
1482 3992 1593 4066 obstat,
1614 3993 1698 4069 quod

409 4109 477 4149 cum
498 4089 601 4148 titulus
623 4089 650 4148 is
671 4108 710 4147 ex
726 4107 786 4165 quo
800 4088 930 4147 innotuit
950 4088 1096 4148 miliarias
1119 4090 1168 4163 sit,
1190 4109 1295 4166 parum
1318 4090 1460 4150 credibile
1481 4101 1529 4151 est
1548 4093 1697 4153 eiusmodi

409 4191 523 4248 viarum
546 4189 821 4250 determinationem
836 4189 933 4268 cippis
949 4191 1069 4267 scriptis
1091 4189 1131 4248 ad
1152 4209 1218 4250 eam
1232 4191 1388 4253 collocatis
1409 4192 1448 4250 ad
1470 4203 1589 4253 sextum
1612 4195 1696 4255 urbis

410 4291 563 4349 saeculum
585 4289 752 4349 ascendere.
1483 4269 1485 4274 ⁵

451 4387 541 4462 Quod
563 4382 620 4451 υἱός
641 4391 679 4448 ad
700 4392 796 4468 patris
815 4409 923 4450 nomen
946 4397 979 4450 ut
999 4407 1059 4450 non
1080 4393 1199 4452 additur
1219 4394 1250 4452 in
1272 4391 1399 4454 Graecis
1417 4393 1459 4470 (v.
1476 4395 1540 4472 48),
1562 4395 1605 4454 ita
1625 4413 1697 4456 con-

368 4496 483 4548 stanter
509 4487 689 4547 adscribitur
708 4489 744 4548 ‘in
764 4488 892 4562 Latinis,
914 4491 945 4549 id
966 4491 1000 4549 fit
1020 4511 1080 4551 non
1101 4501 1225 4570 propter
1250 4479 1451 4573 ignorantiam
1477 4513 1550 4556 usus
1576 4495 1697 4570 Graeci,

367 4587 421 4646 sed
436 4587 515 4662 quod
529 4587 674 4646 Romanis
696 4591 727 4647 in
741 4589 852 4652 talibas
870 4599 985 4652 mature
1006 4594 1120 4670 placuit
1140 4611 1225 4654 suam
1239 4595 1484 4656 consuetudinem
1497 4605 1561 4656 turn
1576 4615 1698 4674 quoque

366 4688 505 4758 retinere,
526 4705 592 4745 cum
608 4686 725 4748 Graece
738 4690 940 4766 loquerentur.
974 4691 1164 4770 Quamquam
1177 4697 1210 4754 in
1223 4715 1260 4755 ea
1280 4715 1312 4755 re
1326 4697 1505 4756 documenta
1525 4697 1697 4774 antiquiora

366 4788 424 4848 sibi
445 4806 505 4848 non
526 4796 678 4862 constant3
705 4790 748 4850 ita
768 4793 923 4871 catalogus
944 4812 1146 4868 proxenorum
1167 4794 1384 4874 Delphicorum
1406 4815 1433 4855 a.
1457 4797 1516 4856 557
1524 4815 1588 4874 seq.
1610 4799 1697 4858 item-

366 4907 425 4964 que
452 4897 572 4950 senatus
599 4890 737 4950 consulta
762 4893 821 4950 duo
846 4911 873 4952 a.
897 4894 957 4954 568
982 4893 1163 4971 Delphicum
1191 4896 1303 4972 (Lebas
1329 4907 1359 4957 et
1385 4897 1518 4958 Fonoart
1542 4897 1590 4971 11,
1618 4897 1695 4974 852)

366 4996 397 5046 et
418 5007 444 5046 a.
469 4990 527 5049 619
550 4991 714 5051 Prienense
735 4991 848 5068 (Lebas
869 5002 900 5054 et
921 4994 1125 5074 Waddington
1145 4995 1204 5070 ΙΙΙ,
1229 4997 1302 5074 195)
1328 4997 1417 5057 modo
1443 5006 1575 5075 ponant,
1603 4997 1695 5058 modo

365 5088 523 5162 omittunt,
549 5092 680 5168 epistula
703 5093 744 5150 M.
766 5091 882 5153 Valerii
908 5113 935 5152 a.
959 5095 1016 5154 561
1047 5097 1160 5173 scripta
1185 5095 1235 5173 (O.
1257 5097 1283 5157 I.
1306 5097 1359 5158 Gr.
1382 5098 1425 5170 11,
1447 5099 1544 5176 3045)
1572 5099 1694 5172 omittit,

365 5188 422 5248 hoc
443 5189 524 5267 quod
545 5198 707 5252 tractamus
722 5195 1017 5256 senatusconsultum
1040 5215 1068 5256 a.
1084 5195 1145 5256 584
1167 5214 1285 5276 semper
1305 5199 1390 5276 ponit
1411 5197 1464 5276 (of.
1481 5198 1695 5280 Dittenberger
