3812 5960
620 621 827 675 nraauaars
853 621 1111 674 arreanrmcr.
1506 608 1526 675 5

196 801 288 855 terea
310 788 392 855 haec
415 789 599 876 ephemeris
623 789 686 856 etsi
710 799 884 876 eapropter
906 789 1057 856 instituta
1076 799 1138 872 est,
1161 799 1197 855 ut
1214 787 1344 876 Corpus
1363 791 1528 877 suppleat,

198 902 312 970 eadem
336 901 426 970 aliud
449 925 581 990 quoque
605 903 762 990 sequitur.
801 903 911 969 Multa
934 926 1019 990 quae
1042 903 1209 988 pertinent
1232 902 1275 968 ad
1296 904 1527 992 inscriptiones

196 1017 337 1084 Latinas
355 1027 444 1084 recte
459 1016 746 1105 recognoscendas
763 1026 796 1084 et
810 1017 908 1103 plene
925 1017 1138 1104 explicandas
1155 1039 1229 1084 cum
1245 1040 1312 1082 nou
1336 1019 1415 1084 satis
1439 1041 1528 1085 eom·

197 1130 295 1197 mode
318 1131 506 1199 inserantur
529 1130 793 1217 ephemeridibus
809 1131 861 1215 iis,
884 1153 968 1217 quae
984 1131 1083 1198 rebus
1098 1131 1282 1218 litterisque
1297 1132 1440 1219 antiquis
1455 1135 1528 1199 uni·

198 1245 302 1311 versis
321 1245 523 1312 illustrandis
547 1245 731 1312 destinatae
754 1252 831 1312 sunt
855 1247 947 1331 (nam
970 1245 1063 1310 utin
1087 1246 1158 1311 aliis
1182 1246 1318 1330 artibus,
1341 1247 1388 1314 ita
1410 1247 1444 1312 iu
1465 1247 1527 1314 hae

197 1367 313 1425 nostra
335 1381 466 1445 quoque
489 1360 645 1446 pleraque
669 1368 746 1426 sunt
768 1360 895 1425 minuta
918 1358 1031 1427 abdita
1054 1361 1262 1446 alcommuni
1284 1360 1528 1449 philologorum

199 1494 322 1538 corona
344 1473 461 1558 procul
476 1473 630 1542 habenda
644 1473 824 1560 eademque
839 1482 950 1540 tamen
965 1473 1062 1542 nobis
1077 1475 1171 1540 utilia
1185 1475 1464 1562 necessariaque),
1489 1499 1528 1542 ea

198 1587 231 1652 in
248 1586 457 1673 ephemeride
474 1587 688 1677 epigraphica
702 1587 811 1654 locum
834 1588 1002 1654 invenient
1025 1595 1058 1654 et
1081 1596 1207 1654 certum
1231 1599 1263 1654 et
1285 1587 1471 1656 modestum
1495 1599 1526 1655 et

197 1724 309 1782 suum3
333 1723 471 1787 eamque
494 1703 540 1768 ita
555 1701 758 1768 destinamus
774 1701 1011 1788 supplementis
1030 1701 1107 1785 illis,
1129 1710 1168 1768 ut
1182 1702 1240 1768 ubi
1256 1703 1398 1791 spatium
1415 1727 1527 1790 super-

197 1823 267 1897 est,
299 1816 509 1901 quaestiones
533 1815 774 1904 ‘epigraphicee
803 1816 837 1881 in
861 1839 901 1882 ea
923 1824 1174 1902 pertractentur.
1215 1813 1328 1898 Quare
1351 1819 1445 1883 utin
1468 1841 1527 1883 no·

196 1951 257 1995 vas
281 1929 379 1997 aedes
402 1931 527 2016 primus
549 1931 678 2000 locator
700 1930 858 2018 recipitur
881 1931 1020 2015 quilibet
1041 1952 1082 1995 ex
1100 1929 1321 2016 multisneque
1344 1931 1391 1997 ita
1414 1955 1527 1999 severo

196 2064 272 2109 cum
297 2066 336 2110 eo
359 2044 504 2111 rationes
527 2053 696 2132 putantur,
719 2044 767 2110 ita
790 2044 847 2130 qui
870 2044 952 2110 haec
973 2043 1091 2132 legunt
1112 2066 1179 2109 non
1200 2053 1413 2111 contemnent
1428 2046 1527 2132 ephe·

194 2157 354 2224 meridem
382 2167 519 2246 propter
547 2159 777 2246 supplementa
805 2181 880 2225 rara
906 2157 1015 2224 adhuc
1046 2167 1080 2224 et
1108 2158 1205 2224 exilia
1227 2159 1407 2244 primorum
1430 2161 1527 2227 fasci·

195 2272 363 2356 culomm,
394 2273 735 2360 commentariolisque
763 2273 885 2340 nostris
914 2272 1045 2338 interim
1075 2271 1138 2339 sibi
1169 2273 1322 2340 satisfieri
1350 2274 1526 2359 patientur,

195 2409 282 2471 quos
317 2387 511 2454 confidimus
542 2387 719 2474 aliquando
749 2387 860 2452 locum
892 2409 1044 2454 cessuros
1075 2409 1147 2454 esse
1179 2387 1333 2454 auctariis
1368 2389 1528 2454 uberiori-

194 2501 277 2584 hus,
304 2501 444 2568 maxime
471 2501 529 2569 ubi
550 2499 711 2588 prodierit
733 2499 822 2588 quod
846 2501 910 2567 iam
934 2501 996 2568 sub
1017 2501 1110 2588 prelo
1140 2509 1190 2567 est
1214 2523 1333 2586 corpus
1357 2502 1527 2567 titulorum

193 2617 407 2684 urbanorum.

285 2730 455 2819 Rogamus
477 2731 606 2816 itaque,
634 2729 754 2816 quihus
783 2729 846 2796 hae
870 2729 999 2796 litterae
1024 2728 1115 2795 cordi
1139 2737 1233 2811 sunt,
1257 2737 1294 2794 ut
1316 2728 1404 2793 hanc
1427 2729 1526 2814 ephe·

192 2845 352 2912 meridem
375 2845 444 2912 suis
468 2845 572 2932 copiis
596 2843 752 2910 adiuvare
774 2844 967 2938 velinttam
990 2842 1261 2929 inscriptionibus
1285 2864 1400 2910 recens
1417 2865 1526 2929 reper-

192 2959 240 3026 tis
264 2981 337 3029 cum
357 2959 539 3026 Academia
561 2959 766 3025 Berolinensi
789 2957 990 3025 Institutove
1012 2957 1162 3024 Romano
1187 2956 1392 3024 editorumre
1414 2959 1525 3044 aliquo

193 3073 477 3140 communicandis
501 3097 599 3160 quam
621 3073 928 3156 observationibus,
955 3081 1042 3158 quae
1064 3072 1106 3138 ad
1128 3081 1275 3140 nostram
1298 3095 1367 3139 rem
1390 3073 1526 3155 faciunt,

192 3188 457 3274 suppeditandis.
511 3185 607 3270 Quae
638 3187 810 3254 mittentur
841 3210 907 3252 non
942 3187 1066 3274 scripta
1094 3187 1210 3276 lingua
1239 3187 1379 3270 Latina,
1412 3197 1525 3254 nostra

192 3325 277 3368 cura
297 3302 418 3368 Latine
445 3311 631 3383 vertentur3
661 3324 737 3367 nam
766 3309 805 3366 ut
833 3302 867 3366 in
892 3301 965 3368 aliis
989 3301 1035 3367 ita
1058 3301 1092 3367 in
1117 3325 1155 3370 eo
1180 3325 1311 3388 quoque
1343 3301 1525 3388 ephemeris

190 3417 280 3482 haec
303 3414 434 3504 Corpus
457 3416 655 3500 imitabitur,
685 3415 776 3502 quod
798 3423 871 3481 tota
892 3415 1015 3482 Latina
1039 3416 1109 3482 erit
1157 3417 1323 3484 Fasciculi
1344 3415 1525 3503 prodibunt

189 3531 334 3618 singulis
363 3531 457 3598 annis
486 3530 636 3616 quaterni
664 3530 859 3618 paginarum
888 3552 955 3596 non
979 3531 1087 3598 minus
1111 3539 1397 3620 septuagenarum.
1449 3531 1525 3600 Sin-

187 3645 282 3734 gulis
304 3643 525 3711 voluminibus
555 3643 681 3712 indices
704 3643 905 3724 adicientur3
937 3643 1037 3711 iidem
1060 3645 1168 3711 denuo
1194 3644 1333 3712 edentur
1356 3647 1523 3711 coniuncti

187 3767 273 3848 post
300 3758 430 3848 singula
458 3759 527 3826 sive
556 3758 779 3846 quinquennia
806 3759 876 3824 sive
907 3757 1084 3840 decennia,
1113 3760 1180 3823 fere
1210 3767 1248 3822 ut
1278 3758 1348 3822 fieri
1380 3760 1463 3826 solet
1490 3761 1523 3824 in

184 3873 342 3940 Instituti
365 3873 449 3939 actis
472 3872 617 3959 reliquis.

283 3986 482 4076 Scripsimus
505 4009 617 4054 mense
642 3983 783 4055 Octobri
807 3987 951 4052 a1871.

543 4215 668 4283 Romae
760 4214 861 4282 (ivm.
886 4216 1046 4282 Hnuzsu.

758 4331 837 4396 Iorr.
861 4331 968 4396 Barr.
992 4329 1180 4396 heliosar.

543 4445 690 4512 Berolini
756 4445 894 4511 Tuscu.
918 4444 1113 4511 Mommsen.

545 4559 685 4647 Dorpati
758 4557 865 4626 Gvsr.
882 4559 1094 4627 Wmuauas.
