3826 5962
969 641 1116 695 MEMZEM

1027 917 1056 974 2.

460 1033 643 1112 Fragmenta
663 1033 774 1094 effossa
796 1034 834 1093 sd
855 1041 972 1112 portam
994 1035 1065 1094 circi
1080 1035 1227 1094 Maxentii
1242 1035 1282 1095 ad
1298 1035 1375 1095 viam
1389 1001 1532 1114 Appiam,
1554 1038 1606 1098 ubi
1620 1056 1705 1097 muro

377 1138 491 1195 inserta
511 1135 609 1194 adbuc
631 1145 797 1194 servantur.
834 1135 990 1196 Pertiuent
1010 1136 1049 1195 ad
1069 1122 1281 1214 inscriptiones
1303 1137 1379 1196 duas
1396 1138 1565 1214 apartibus
1579 1147 1704 1198 externa

375 1247 405 1294 et
429 1239 546 1298 interna
565 1241 670 1313 portae
692 1235 763 1294 olim
784 1236 894 1296 affixas
915 1236 959 1295 ita
980 1235 1143 1308 diffractos,
1165 1245 1199 1295 ut
1222 1257 1310 1296 unam
1332 1245 1447 1296 tantum
1466 1237 1602 1316 Nibbyus
1625 1258 1704 1298 com·

375 1356 485 1414 ponere
506 1337 642 1414 potuerit.

859 1453 935 1496 urvo
950 1452 1084 1497 aomvso
1100 1455 1172 1496 nur
1186 1455 1222 1496 ·v

899 1553 961 1598 cos
973 1569 980 1583 ·
991 1553 1057 1598 ona
1071 1557 1089 1596 n·
1102 1555 1181 1598 ntro

857 1658 877 1698 n
889 1656 938 1697 ·rc·
949 1655 1095 1699 martra
1108 1655 1221 1700 ravtcr·

855 1768 883 1798 oc
906 1763 989 1810 perpet.
1017 1756 1080 1798 AVG
1109 1755 1221 1798 ΝΕΡΟΤΙ

790 1861 802 1899 a
854 1857 909 1898 ron
934 1857 1091 1900 mmmmm
1112 1871 1119 1884 ·
1141 1857 1220 1900 san·

855 1958 885 1998 er
913 1972 919 1986 ·
947 1957 1006 2000 urvr
1037 1959 1168 2000 mascarano
1199 1960 1223 2000 a

856 2057 949 2102 11101115
971 2073 977 2086 ·
1000 2058 1082 2102 ΑΕ...

374 2253 558 2332 11111111)
584 2253 631 2311 dei
657 2256 730 2310 circo
756 2253 946 2328 volgus-ments
970 2251 1044 2309 detto
1067 2251 1098 2309 di
1121 2251 1277 2312 Caracalla
1298 2251 1396 2312 Roma
1418 2251 1497 2312 1815
1525 2255 1589 2330 pil
1616 2255 1702 2330 (inde

375 2355 543 2416 Koostblott
564 2355 612 2412 des
629 2351 834 2428 Magastara
852 2349 930 2410 1826
953 2371 982 2409 n.
999 2351 1037 2409 69
1061 2370 1100 2410 ex
1122 2369 1217 2428 eoque
1239 2351 1332 2413 Orelli
1351 2352 1444 2430 1069)
1466 2365 1497 2414 et
1517 2353 1599 2414 vni
1622 2355 1702 2432 prio-

374 2475 423 2516 res
450 2455 634 2532 Borghesius
662 2453 818 2529 Antolopia
843 2451 966 2511 italiana
990 2449 1069 2511 1825
1097 2462 1117 2510 1.
1137 2451 1174 2510 18
1200 2471 1230 2528 p.
1247 2454 1296 2513 94.
1344 2452 1517 2533 Descripsit
1542 2455 1700 2524 belloaci,

374 2558 487 2619 contuli
508 2557 583 2635 ipse.
935 2603 950 2640 ε

415 2657 537 2718 Titulus
569 2663 685 2734 spectat
715 2655 754 2714 ad
784 2654 824 2713 M.
851 2651 1007 2714 Valerium
1035 2653 1198 2713 Romulum
1230 2654 1324 2714 filium
1350 2655 1513 2729 Maxentii,
1544 2675 1605 2716 cos.
1636 2658 1700 2716 ord.

373 2780 440 2819 cum
466 2769 551 2836 patre
578 2757 665 2816 annis
686 2753 746 2814 308
769 2764 799 2814 et
819 2755 894 2828 309,
927 2775 946 2814 a
972 2742 1032 2832 qno
1058 2754 1189 2814 dedicati
1217 2756 1373 2816 Maxentio
1401 2757 1479 2834 patri
1508 2764 1538 2817 et
1561 2757 1700 2816 Valeriae

373 2859 559 2920 Maximillae
586 2858 674 2916 matri
700 2863 803 2915 extant
828 2855 906 2915 tituli
933 2855 984 2914 alii
1010 2856 1070 2914 duo
1096 2855 1240 2932 (Henzen
1261 2857 1352 2917 5570.
1374 2857 1479 2934 5571).
1523 2857 1700 2918 Decessisse

372 2961 491 3020 videtur
515 2958 634 3036 inipso
657 2957 816 3016 consulatu
837 2957 932 3016 altero
955 2956 1085 3033 (Eclrbel
1105 2957 1134 3028 8,
1150 2959 1204 3030 593
1231 2957 1379 3034 Borghesi
1400 2976 1469 3035 opp.
1487 2959 1504 3018 3
1527 2977 1556 3034 p.
1576 2958 1648 3035 155)
1670 2969 1700 3018 et

372 3081 392 3121 a
412 3072 497 3140 patre
519 3060 607 3119 divus
629 3049 800 3138 appellatus
822 3077 857 3116 ac
877 3058 991 3135 templo
1005 3058 1171 3118 honoratos
1186 3066 1234 3118 est
1254 3057 1381 3136 (Eckhel
1396 3059 1416 3118 1.
1433 3077 1473 3129 o.;
1496 3059 1533 3118 cl.
1556 3045 1593 3118 rie
1607 3059 1700 3120 Rossi

373 3162 456 3222 Bate.
477 3165 556 3220 crist
579 3162 597 3220 5
624 3179 653 3236 p.
671 3159 708 3218 66
721 3156 835 3236 seqq.):
862 3158 941 3217 unde
967 3157 1084 3218 litterae
1111 3159 1277 3238 singulares
1302 3178 1378 3236 quae
1404 3167 1474 3219 sunt
1499 3159 1531 3219 in
1556 3160 1615 3219 fine
1636 3162 1697 3218 nl

372 3261 561 3342 explicantur
582 3253 637 3318 sic:
665 3275 820 3318 nonenoeane
838 3276 958 3319 naama·
972 3275 1033 3319 veo.
1052 3292 1094 3302 —
1120 3259 1333 3337 Fragmentum
1355 3260 1387 3318 id
1407 3259 1488 3336 quod
1509 3279 1565 3320 nos
1585 3261 1699 3320 rettuli·

372 3381 440 3422 mus
462 3361 499 3420 sd
521 3379 548 3420 1.
566 3363 584 3421 5
599 3362 649 3434 im,
673 3360 757 3432 6in.‚
781 3360 929 3435 'lpriores
950 3361 1029 3419 mala
1049 3360 1227 3420 rettulerunt
1246 3361 1283 3420 sd
1305 3350 1334 3419 u.
1349 3361 1379 3420 4.
1395 3361 1423 3420 5.
1441 3362 1470 3434 6,
1491 3369 1525 3420 ut
1537 3361 1653 3422 litterae
1666 3379 1697 3421 vr

372 3471 442 3524 ante
463 3478 537 3535 avo,
559 3477 669 3520 r·n1vr
690 3467 759 3520 ante
779 3477 854 3519 sxnn
875 3459 1106 3534 collocarentur3
1133 3479 1194 3538 quo
1216 3461 1349 3520 admisso
1370 3469 1435 3521 tota
1455 3462 1542 3521 lectio
1564 3479 1698 3540 pessum·

372 3565 444 3623 data
469 3573 530 3634 est,
556 3581 623 3620 cnm
645 3562 704 3619 iam
726 3560 825 3620 omnia
846 3561 938 3638 plana
959 3562 1020 3620 sint
1039 3571 1070 3620 et
1089 3560 1177 3622 facile
1197 3561 1418 3640 intellegantur.
1461 3562 1635 3622 Maxentius
1655 3567 1698 3620 ia-

371 3668 462 3724 oictus
484 3672 510 3721 st
526 3673 680 3739 perpetuae
695 3660 842 3737 Augustas
864 3662 975 3722 dicitur
995 3661 1067 3722 item
1088 3662 1119 3721 in
1140 3641 1229 3722 titulo
1244 3662 1297 3723 01.
1315 3663 1410 3735 1017;
1433 3662 1581 3722 Romulus
1598 3672 1697 3723 autem

372 3781 466 3840 nepos
488 3763 544 3822 fuit
564 3780 623 3821 non
646 3761 743 3821 solum
763 3761 940 3822 Maximiani
961 3763 1088 3822 senioris
1109 3765 1205 3840 patris
1226 3763 1382 3835 Maxentii,
1404 3764 1569 3822 sedetiam
1583 3761 1697 3823 Galerii

371 3861 549 3924 Maximiani
569 3863 692 3922 iunioris
714 3862 809 3940 patris
831 3863 1017 3931 Maximillae
1039 3863 1154 3936 matris,
1175 3864 1279 3942 quiin
1299 3863 1427 3925 nummis
1448 3881 1534 3924 socer
1552 3863 1694 3924 Maxentii

372 3967 481 4028 dicitur
502 3973 532 4025 et
553 3963 638 4024 divus
661 3961 824 4040 (Ecklrelss
846 3983 875 4040 p.
893 3961 956 4038 38).

932 4211 1134 4222 uos——

1021 4431 1049 4490 ³.

455 4549 574 4608 Tabula
601 4567 694 4608 aenea
719 4548 815 4608 tribus
841 4548 971 4626 fastigiis
998 4559 1117 4620 ornato,
1148 4549 1179 4608 in
1205 4549 1315 4626 quibus
1343 4551 1412 4610 binc
1441 4551 1589 4628 secespita
1615 4550 1696 4610 illinc

371 4658 484 4727 patera,
507 4649 584 4708 inter
605 4667 657 4708 eas
678 4657 813 4725 protome
834 4650 883 4709 dei
905 4648 987 4710 Solis
1009 4651 1103 4710 radiis
1125 4659 1268 4710 coronata
1287 4651 1421 4729 sculptae
1442 4661 1520 4711 sont.
1555 4651 1591 4709 In
1612 4660 1697 4728 parte

370 4750 490 4826 postica
510 4749 599 4808 babet
619 4749 807 4808 manubrium
829 4750 949 4809 mobile.
990 4751 1150 4828 Inscriptio
1170 4758 1297 4810 exarata
1318 4760 1365 4810 est
1383 4751 1491 4810 litteris
1512 4751 1587 4810 satis
1608 4751 1696 4810 bonis

370 4869 466 4928 neque
494 4861 594 4910 tamen
620 4849 679 4909 alte
706 4849 810 4908 incisis
837 4849 950 4910 saeculi
975 4852 1039 4912 fere
1067 4851 1190 4910 secundi
1215 4852 1354 4910 exeuntis
1376 4851 1424 4909 rel
1449 4850 1580 4911 meantis
1606 4851 1695 4909 tertii.

370 4951 491 5012 Tabula
515 4969 696 5028 quamquam
721 4949 839 5010 Romae
864 4960 983 5028 reperta
1009 4970 1077 5010 esse
1102 4951 1221 5024 dicitur,
1246 4959 1360 5024 tumen,
1387 4969 1455 5010 oum
1480 4953 1635 5028 inscriptio
1657 4951 1697 5010 ad

371 5049 489 5110 Ostiam
509 5053 659 5130 pertinere
681 5050 825 5124 videatur,
847 5052 949 5111 nescio
971 5069 1009 5110 an
1030 5048 1136 5112 Ostiae
1156 5052 1256 5129 potios
1278 5050 1390 5110 effossa
1410 5051 1441 5110 in
1462 5053 1624 5128 urbemque
1645 5049 1696 5108 de·

369 5149 432 5208 lata
452 5152 502 5210 sit.
538 5149 722 5212 servabatur
742 5150 857 5211 Romae
879 5151 959 5228 apud
979 5151 1185 5212 Alexandrum
1206 5150 1434 5225 castellonium,
1455 5168 1554 5227 aquo
1575 5151 1606 5208 in
1628 5149 1696 5208 Bri·

371 5250 502 5311 muniam
524 5249 624 5314 delata
644 5251 675 5312 in
696 5269 832 5313 museum
853 5251 1058 5314 Britannicum
1079 5253 1144 5312 fieri
1164 5259 1266 5332 potest
1287 5260 1320 5313 nt
1339 5252 1399 5312 iam
1421 5250 1581 5312 transierit.
