3750 5990
427 500 502 572 954
736 517 1014 570 amanuenses
1038 517 1087 568 nn
1113 517 1257 570 umus
1283 517 1438 570 sumere.

425 709 486 752 non
508 690 604 750 solum
625 706 685 748 non
707 697 817 760 utatur,
839 690 892 747 sed
914 688 1003 748 etiem
1024 688 1133 748 tribum
1155 687 1384 765 (na0[meatiaa)
1408 689 1522 748 nomini
1543 689 1694 769 adiungat,
1717 690 1744 750 id

425 791 507 868 quod
528 791 561 849 in
583 791 628 850 eis
649 790 714 848 fieri
735 789 891 848 consuevit
911 785 964 864 qui
984 789 1160 866 cognomine
1181 790 1302 848 omnino
1323 797 1438 872 carent,
1463 809 1533 850 eum
1553 810 1573 850 a
1596 788 1629 850 0.
1652 791 1743 850 Mea
1827 781 1828 820 Ι

425 891 570 952 Marcello
591 890 668 950 tituli
689 891 785 950 nostri
806 874 1046 965 distinguendum
1067 907 1187 949 censeo.

513 990 561 1050 12.
588 991 626 1050 In
651 992 711 1051 line
735 991 823 1050 huius
851 989 1168 1050 commentatiunculae
1194 991 1297 1068 paucis
1322 990 1423 1050 verbIs
1449 991 1487 1050 de
1512 992 1609 1052 titulis
1635 992 1743 1051 duobus

425 1109 585 1169 exponam,
608 1091 645 1152 de
666 1093 774 1169 quibas
789 1103 849 1150 non
867 1099 948 1150 recte
963 1091 1060 1151 editor
1074 1090 1212 1152 Graecus
1228 1091 1371 1151 statuisse
1384 1091 1510 1152 ridetur.
1542 1093 1632 1151 Alter
1652 1092 1743 1152 editas

424 1199 472 1252 est
493 1211 512 1252 a
534 1192 578 1254 St.
599 1191 781 1252 Kumannde
806 1193 838 1252 in
862 1193 966 1252 libello
992 1181 1168 1275 Ἐπιγραφαὶ
1182 1183 1348 1262 fmevmal
1374 1225 1412 1238 -·-
1439 1225 1478 1236 -
1500 1185 1674 1263 ἐκδιδόμεναι
1698 1187 1742 1250 δα·
1827 1195 1828 1220 l

424 1285 499 1370 πᾶνῃ
520 1295 571 1364 τῆς
591 1292 620 1351 ἓν
639 1284 782 1364 Ἀθήναις
802 1289 941 1376 ἆρχαιολ.
963 1285 1093 1377 ἑταιρίας.
1113 1293 1243 1353 Athenis
1267 1293 1356 1366 1860,
1378 1289 1423 1375 cip.
1439 1295 1490 1366 39,
1513 1294 1640 1370 eiusque
1660 1295 1743 1354 verba
1827 1355 1828 1360 ,

424 1394 469 1456 ita
489 1413 523 1454 se
543 1395 667 1456 habent:
698 1389 732 1450 ‘0
756 1387 842 1463 δῆμος
861 1391 868 1470 Ι
883 1384 970 1451 Γάιον
987 1385 1107 1453 Ἀσίνιον
1127 1385 1235 1472 trata
1255 1389 1304 1452 liv
1322 1394 1328 1470 Ι
1346 1388 1507 1478 στρατηγὸν
1524 1395 1530 1472 Ι
1549 1384 1743 1472 ἆπσδιδειγμὲ·

425 1517 470 1552 νον
488 1493 496 1570 Ι
513 1490 612 1578 ἀρετῆς
632 1485 714 1552 ἕνεκα
738 1490 744 1573 Ι
766 1480 815 1552 nai
843 1485 951 1556 eieciat
973 1489 980 1574 Ι
1002 1497 1055 1566 τῆς
1079 1494 1119 1556 eie
1144 1488 1244 1553 ἓαυτδν
1268 1490 1274 1575 Ι
1298 1485 1448 1564 ἆνὲθηκεν.
1494 1495 1585 1556 Hunc
1610 1497 1741 1555 Asinium
1827 1473 1828 1530 Ι

424 1595 595 1656 Pollionem
616 1595 813 1654 Kumanudes
838 1612 906 1654 esse
927 1595 992 1654 vult
1013 1595 1142 1655 nobilem
1165 1595 1339 1671 ,politicum
1360 1605 1391 1656 et
1410 1596 1621 1668 historicnm“,
1647 1615 1741 1672 qnam·
1827 1603 1828 1646 l

423 1716 514 1774 quem
535 1697 562 1757 is
583 1696 663 1772 apud
684 1697 846 1772 scriptores
864 1694 957 1756 Gnaei
977 1695 1057 1754 filius
1080 1696 1204 1768 dicatisr,
1226 1715 1293 1755 cum
1315 1698 1347 1754 in
1366 1705 1470 1756 nostro
1491 1697 1586 1776 titulo
1603 1698 1739 1774 scriptum
1827 1689 1828 1716 Ι

424 1799 465 1858 sit
485 1789 570 1854 Γαιόυ
593 1787 650 1855 rie'v.
694 1793 756 1856 Sed
782 1815 819 1854 ea
844 1797 911 1872 ipsa
932 1797 968 1856 de
993 1814 1087 1856 cauae
1107 1815 1167 1856 non
1189 1797 1226 1856 de
1247 1796 1354 1856 Asinio
1375 1796 1515 1856 Pollione
1535 1798 1740 1877 intelligendus
1827 1769 1828 1798 r

421 1906 469 1958 est
489 1898 606 1970 tittrlae,
632 1897 686 1956 sed
708 1898 746 1956 ad
767 1897 856 1955 huius
877 1897 972 1955 filium
996 1898 1027 1958 0.
1050 1897 1186 1956 Asinium
1209 1895 1328 1956 Gallam
1348 1915 1409 1956 cos.
1433 1898 1451 1957 8
1473 1917 1501 1956 a.
1524 1896 1598 1958 (lhr.
1620 1901 1740 1958 reteren-
1827 1977 1828 1980 Ἴ

422 1997 493 2056 dum
519 2013 587 2055 esse
613 1997 861 2055 verisimillimum
883 2005 943 2070 est3
975 1997 1018 2056 ita
1042 1997 1212 2075 inscriptio,
1246 1997 1359 2074 quippe
1384 2017 1462 2074 quae
1488 2017 1556 2057 eum
1580 2007 1740 2077 praetorem

423 2099 611 2176 designatum
632 2106 728 2170 vocet,
750 2117 828 2156 anno
853 2097 890 2155 12
913 2106 966 2157 aut
989 2099 1024 2156 11
1047 2117 1075 2158 a.
1094 2096 1169 2158 'Cha
1191 2098 1358 2174 composita
1382 2098 1422 2156 sit
1442 2117 1567 2159 necesse
1588 2111 1646 2160 est.
1688 2097 1739 2160 seu

422 2189 523 2278 potest
543 2197 633 2256 etiam
654 2197 779 2273 cogitari
800 2195 837 2255 de
857 2199 945 2258 huius
965 2199 1028 2257 filio
1045 2199 1077 2258 C.
1092 2198 1196 2258 Asinio
1210 2197 1340 2257 Pollione
1360 2185 1477 2258 iuniore
1497 2217 1558 2259 cos.
1573 2199 1615 2260 23
1632 2219 1661 2277 p.
1677 2199 1737 2260 Chr.
1827 2271 1828 2280 Ι

423 2299 511 2358 Alter
531 2298 637 2356 titulus
658 2316 679 2355 a
698 2296 878 2355 Kumannde
899 2299 930 2356 in
951 2299 1054 2380 sociem
1074 2297 1175 2357 libello
1198 2295 1241 2382 cip.
1265 2299 1306 2357 40
1327 2309 1357 2358 et
1378 2319 1397 2358 a
1414 2298 1576 2359 Pittulrisio
1598 2302 1632 2361 in
1651 2302 1738 2379 Ephe
1827 2281 1828 2362 Ι

422 2399 534 2460 merida
559 2397 787 2474 archaeologica
812 2417 841 2455 n.
864 2397 946 2456 4080
977 2399 1075 2458 editus
1095 2394 1129 2454 Ὁ
1152 2393 1239 2470 δῆμος
1261 2397 1267 2474 Ι
1292 2387 1416 2456 Πὸπλιον
1442 2391 1603 2484 Kopvn'ltelcv
1624 2392 1738 2460 Ποπλίου
1827 2455 1828 2464 ἦ

421 2496 472 2560 ile
497 2488 698 2580 ΔοΙλαβΙλλαν
724 2492 893 2580 στρατηΙγόν
919 2494 1019 2582 ἀρετῆς
1043 2488 1142 2556 ἕνεκεν·
1188 2499 1289 2575 Atque
1314 2499 1497 2560 Pittekisins
1522 2501 1648 2576 quidem
1674 2502 1739 2562 nihil

421 2601 543 2661 omnino
566 2599 603 2658 de
625 2599 661 2658 e'o
682 2599 770 2657 titulo
792 2599 873 2671 dicit,
895 2599 1090 2688 Kumsnudes
1111 2617 1194 2672 vcro,
1215 2600 1306 2659 homo
1333 2607 1363 2660 et
1383 2601 1538 2685 diligentia
1562 2609 1593 2661 et
1615 2603 1739 2662 doctriua

421 2703 566 2780 insignis,
590 2701 670 2758 hunc
694 2699 887 2758 Dolabellam
915 2701 1060 2776 collegam
1082 2701 1208 2759 Antonii
1234 2701 1266 2758 in
1293 2701 1453 2761 consulatu
1475 2701 1531 2777 (44
1551 2721 1579 2761 a.
1604 2701 1692 2780 Chr.)
1714 2713 1740 2762 et
1827 2709 1828 2726 ¹

421 2821 564 2882 generum
585 2800 739 2861 Ciceronis
760 2818 829 2860 csse
850 2801 923 2859 vult.
967 2799 1037 2874 Qua
1063 2803 1094 2860 in
1119 2809 1272 2860 retamen
1293 2803 1417 2861 erravit:
1447 2821 1517 2861 nem
1544 2803 1635 2864 illum
1662 2823 1739 2883 prae·

422 2912 516 2963 torem
543 2919 604 2960 non
628 2901 739 2975 inisse,
774 2900 827 2959 sed
852 2901 968 2960 omissa
987 2909 1130 2979 praetura
1156 2901 1258 2962 statim
1291 2902 1329 2960 ad
1358 2901 1548 2962 consulatum
1573 2907 1740 2980 pervenisse

421 3004 555 3082 Appiani
580 3012 611 3061 et
637 3001 747 3060 Dionis
774 3002 953 3062 testimoniis
981 3010 1100 3062 constat
1131 3003 1184 3079 (cl.
1210 3003 1393 3074 Mommsen,
1410 3083 1412 3088 ι
1427 3003 1497 3062 rim.
1526 3003 1739 3066 Staatereeltl

420 3123 451 3182 p.
473 3103 558 3177 443).
595 3101 696 3175 Quare
716 3103 908 3172 Dolabellam
925 3112 1097 3178 praetorem,
1118 3103 1170 3178 qni
1191 3105 1223 3160 in
1244 3103 1332 3162 titulo
1349 3103 1452 3163 Attico
1473 3113 1529 3178 est,
1550 3107 1658 3182 potius
1679 3124 1738 3166 con·
1827 3119 1828 3170 Ι

422 3202 519 3264 sulem
540 3202 611 3260 anni
635 3202 673 3260 10
693 3219 723 3276 p.
746 3200 817 3261 Chr.
840 3220 907 3260 esse
928 3211 1011 3279 puto,
1034 3222 1122 3279 quem
1146 3203 1229 3262 illius
1250 3203 1345 3262 filiam
1366 3203 1462 3263 luisse
1484 3205 1548 3264 veri
1568 3205 1671 3270 simile
1690 3213 1737 3266 est
1827 3221 1828 3248 t

420 3304 497 3364 Post
516 3321 585 3361 eum
606 3319 666 3359 non
687 3301 786 3359 solum
808 3302 859 3376 qui
881 3320 959 3361 unus
981 3303 1020 3360 ad
1041 3303 1227 3361 consulatum
1247 3305 1385 3380 pervenit
1406 3303 1564 3364 Cornelius
1583 3305 1739 3367 Dolabella

420 3403 475 3482 (86
497 3422 526 3478 p.
550 3401 647 3477 Cha),
668 3403 721 3477 qui
741 3402 822 3460 illiue
844 3420 937 3480 nepos
960 3403 1025 3462 sine
1047 3401 1137 3461 dubio
1156 3402 1222 3476 suit,
1244 3403 1340 3464 Servii
1359 3423 1542 3483 praenomen
1563 3408 1671 3483 gessit,
1691 3407 1738 3466 sed

420 3505 510 3564 etiam
538 3503 626 3561 huius
654 3510 783 3578 patrem,
812 3501 895 3561 illins
921 3503 1013 3562 tilium
1039 3503 1145 3562 eodem
1168 3505 1363 3581 praenomine
1384 3523 1474 3564 usum
1494 3524 1573 3578 esse,
1596 3527 1637 3566 ex
1658 3507 1738 3567 titulo

420 3601 666 3664 Orelli-Henzen
693 3601 773 3661 5999
801 3610 940 3681 apparet,
971 3605 1022 3663 ubi
1051 3605 1157 3664 consul
1183 3606 1255 3666 anni
1284 3605 1324 3664 86
1352 3617 1476 3665 vocatur
1501 3604 1567 3666 ser.
1594 3606 1738 3667 Cornelias

420 3703 484 3772 Ser.
505 3706 534 3779 s.
560 3703 596 3761 P.
618 3721 680 3779 nep.
703 3703 738 3762 P.
752 3722 847 3779 pron.
868 3702 906 3764 P.
928 3704 993 3764 ala.
1019 3705 1177 3765 Dolabella
1197 3705 1368 3766 Metilianuc
1394 3706 1548 3783 Pompeiae
1569 3707 1736 3770 Marcellae.

420 3803 519 3880 Quum
547 3804 640 3882 igitur
665 3805 771 3864 consul
798 3805 868 3874 anni
897 3805 935 3863 10
956 3823 985 3880 p.
1009 3802 1079 3864 our.
1106 3806 1331 3866 recentissimus
1358 3823 1427 3868 esse
1453 3806 1606 3882 videatur,
1632 3811 1685 3887 qui
1710 3809 1739 3867 in
1827 3803 1828 3840 Ι

417 3907 474 3966 hae
494 3907 592 3983 gentis
614 3903 772 3966 Oomelieo
794 3906 887 3982 stirpe
905 3903 1029 3965 Pulliae
1048 3905 1220 3967 nominatus
1240 3906 1345 3980 luerit,
1373 3908 1402 3967 ei
1422 3908 1528 3968 titulm
1548 3910 1671 3972 Atticus
1692 3909 1765 3982 ed·,
1827 3977 1828 3990 Ι

416 4005 592 4068 scribendus
612 4006 678 4066 erit.

1277 4263 1536 4326 Drrruuaaeesa
