3750 5990
556 593 853 650 onsnavrrrouns
870 591 990 646 arran.
1009 591 1091 646 xm.
1405 575 1452 648 27
1457 577 1478 649 3

155 771 375 830 Ahenobarbus
397 751 503 827 consul
525 769 622 827 factus
644 788 670 826 a.
693 788 721 844 p.
738 765 811 826 Chr.
828 765 865 826 32
888 773 1061 841 procreatus
1082 783 1151 826 esse
1168 766 1304 825 videatur
1324 786 1350 827 c.
1366 788 1393 827 a.
1410 770 1479 830 750.

157 863 270 932 861111
291 872 337 932 his
360 889 419 927 non
438 869 629 940 morabimur,
651 887 705 927 nec
725 869 856 926 sortasse
877 887 913 924 ea
934 867 1109 944 tetigissem,
1131 867 1190 925 nisi
1206 865 1353 927 Gelzerus
1374 889 1482 947 parum

156 972 343 1031 considerate
364 971 485 1029 titulum
507 967 703 1047 Smyrnaeum
725 969 890 1028 rettulisset
910 967 949 1025 ad
969 967 1134 1026 Antoniam
1155 968 1260 1028 Drusi.

242 1071 386 1149 Superest
407 1073 470 1129 filia
491 1079 562 1129 natu
583 1072 726 1142 maxime,
755 1070 791 1127 de
813 1087 874 1145 qua
893 1087 970 1144 quac
991 1069 1149 1144 traduntur
1173 1070 1248 1129 haec
1271 1079 1348 1131 sunt.
1390 1073 1484 1134 Pater

155 1183 227 1252 post
253 1192 356 1232 necem
384 1152 526 1231 Caesaris
554 1191 581 1230 a.
605 1151 665 1230 710
692 1190 758 1230 eam
785 1170 946 1248 despondit
970 1169 1012 1249 hi.
1038 1171 1169 1228 Aemilio
1193 1169 1312 1247 Lepido
1338 1174 1485 1234 triumviri

157 1271 275 1352 filio¹);
299 1273 407 1333 deinde
422 1293 447 1332 c.
464 1291 490 1331 a.
508 1273 566 1331 717
590 1291 692 1331 curam
715 1273 775 1351 egit
796 1281 848 1330 aut
868 1279 947 1330 certe
969 1289 1057 1348 agere
1079 1289 1112 1330 se
1134 1271 1293 1345 simulavit,
1315 1282 1349 1334 ut
1362 1276 1485 1352 nuptiae

157 1395 211 1434 eae
242 1357 463 1452 perficerentur,
494 1381 652 1449 antequam
684 1374 749 1451 ipse
782 1373 1018 1450 proficisceretur
1053 1373 1091 1430 ad
1121 1373 1233 1432 bellum
1263 1375 1485 1454 Parthicum.²)

159 1473 247 1535 Unde
286 1495 353 1534 cum
386 1484 529 1552 appareat
561 1494 625 1533 earu
653 1474 788 1550 puellam
822 1493 849 1532 a.
879 1474 940 1531 710
972 1473 1180 1549 111166166166
1219 1475 1351 1535 nondum
1382 1477 1486 1550 fuisse,

158 1593 186 1633 6.
203 1575 262 1634 717
286 1576 427 1648 nubilem,
450 1575 586 1652 sequitur
607 1593 673 1632 eam
694 1583 794 1633 natam
815 1573 966 1632 66661616
987 1573 1065 1632 inter
1085 1593 1112 1632 a.
1130 1574 1190 1632 700
1210 1576 1324 1649 61705,
1346 1577 1485 1638 videlicet

158 1693 198 1735 ex
221 1677 363 1748 Antonia,
392 1695 461 1734 nam
488 1696 528 1735 ex
550 1675 648 1734 Fadia
672 1675 760 1734 liberi
782 1675 918 1733 obierunt
938 1675 1077 1748 infantes,
1105 1673 1247 1736 Fulviam
1268 1685 1367 1738 autem
1389 1681 1485 1738 Anto·

159 1775 226 1835 nius
249 1777 337 1834 duxit
359 1795 383 1835 c.
400 1796 426 1835 a.
444 1775 503 1834 707
527 1777 576 1836 vel
598 1774 658 1834 708
682 1777 806 1836 dimissa
826 1777 929 1851 paullo
950 1786 1020 1836 ante
1040 1777 1218 1854 Antonia.³)
1261 1779 1484 1840 Matrimonium

158 1894 226 1936 cum
252 1875 370 1954 Lepido
397 1877 647 1954 lilio-perlectum
675 1895 742 1937 6666
768 1877 860 1954 vulgo
887 1885 1035 1951 statuunt,
1067 1885 1187 1938 auctore
1214 1879 1296 1938 nullo
1322 1887 1353 1939 et
1378 1899 1485 1958 parum
1521 1898 1526 1947 t

158 1978 368 2054 probabiliter3
395 1997 464 2036 nam
491 1986 562 2055 post
586 1977 783 2038 Tarentinum
808 1979 914 2038 foedus
940 1979 1075 2038 stabilita
1100 1979 1196 2038 denuo
1222 1980 1383 2052 concordia
1408 1981 1486 2040 inter
1525 1956 1534 2020 l

161 2076 325 2138 Caesarem
346 2086 376 2137 61
397 2081 563 2138 Antonium
590 2079 731 2138 credibile
757 2097 818 2138 non
845 2089 893 2138 est
917 2081 995 2138 hunc
1020 2081 1152 2156 perfecta
1172 2081 1321 2139 eiusmodi
1342 2081 1487 2141 affinitate

161 2179 327 2256 suspicioni
341 2199 445 2239 rursus
459 2181 647 2240 occasionem
663 2180 792 2252 dedisse,
813 2198 877 2253 nec,
892 2181 919 2239 si
934 2179 1075 2254 dedisset,
1091 2181 1251 2258 scriptores
1265 2181 1297 2240 id
1311 2183 1485 2243 tacuissent.

161 2278 301 2356 Denique
321 2279 455 2358 Lepidus
478 2281 568 2354 lilius,
597 2301 657 2358 quo
679 2290 814 2357 tempore
839 2265 962 2357 prdpter
987 2283 1222 2341 coniurationem
1244 2282 1389 2356 adversus
1412 2283 1488 2344 Cae·
1513 2296 1521 2397 ¹t

163 2397 261 2440 sarem
283 2381 457 2440 interiectus
480 2379 653 2454 6616724,
679 2399 804 2440 uxorem
822 2381 928 2441 habuit
948 2401 1008 2441 non
1021 2383 1195 2452 Antoniam,
1216 2382 1269 2442 scd
1284 2381 1487 2462 Serviliam).
1515 2408 1520 2478 1

161 2475 313 2558 Deinceps
328 2484 462 2542 Antonia
476 2485 549 2543 haec
564 2483 643 2560 apud
657 2490 793 2541 auctores
808 2501 869 2542 non
884 2492 1140 2542 commemoratur.
1178 2483 1269 2540 Diem
1290 2503 1357 2543 eam
1378 2486 1490 2544 obiisse

162 2591 232 2642 ante
253 2590 367 2661 patrem
390 2582 424 2659 (†
447 2583 521 2660 714)
549 2585 619 2642 inde
644 2583 778 2642 efficiunt
803 2584 860 2642 viri
887 2585 976 2657 docti,
1004 2582 1082 2658 quod
1105 2583 1256 2642 Antonius
1276 2593 1347 2660 post
1367 2603 1400 2644 se
1420 2587 1490 2644 reli·

165 2685 267 2761 quisse
289 2684 397 2744 dicitur
418 2704 457 2743 ex
480 2685 575 2744 trihus
598 2685 745 2743 uxoribus
768 2694 882 2760 septem
904 2683 1062 2758 liberos‚⁵)
1084 2683 1199 2742 scilicet
1218 2683 1305 2742 binos
1325 2703 1363 2744 ex
1379 2684 1490 2745 Fulvia
1546 2747 1551 2754 ,

162 2793 192 2843 61
214 2783 350 2856 Octavia,
372 2793 432 2844 tres
454 2804 493 2843 ex
516 2784 687 2861 Cleopatra,
706 2787 869 2861 praeterita
889 2786 945 2843 hac
966 2793 1038 2841 natu
1060 2783 1192 2842 maxima
1212 2784 1274 2842 filia
1295 2805 1334 2844 ex
1356 2787 1490 2846 Antonia
1544 2782 1547 2794 ⁴

162 2895 241 2944 nata.
276 2883 442 2944 confirmat
456 2905 520 2944 eam
536 2888 748 2963 opinationem,
767 2885 847 2961 quod
863 2885 939 2942 duae
953 2883 1032 2942 filiae
1047 2904 1086 2946 ex
1102 2885 1231 2944 Octavia
1245 2885 1335 2962 vulgo
1351 2887 1490 2946 dicuntur

162 2986 314 3045 Antoniae
335 2988 431 3045 maior
453 2997 482 3045 et
502 2987 611 3058 minor,
638 2987 748 3062 quibus
774 2984 943 3043 nominibus
965 2992 1045 3043 recte
1067 2985 1211 3060 appellari
1233 3003 1293 3043 non
1321 2995 1489 3063 potueruut,

163 3089 191 3148 si
216 3089 333 3147 tertiam
362 3087 524 3163 legitimam
553 3106 687 3145 sororem
719 3086 896 3145 habuissent
921 3087 1035 3157 vivam3
1068 3103 1137 3142 nam
1165 3084 1358 3164 Cleopatrae,
1387 3097 1491 3166 utpote

163 3199 251 3250 natae
273 3198 325 3248 aut
346 3207 385 3246 ex
400 3189 547 3247 adulterio
569 3197 620 3248 aut
640 3194 719 3247 certe
734 3205 773 3246 ex
787 3187 978 3246 matrimonio
999 3204 1059 3244 non
1080 3187 1154 3246 iuris
1168 3183 1307 3260 Romani,
1329 3189 1359 3246 in
1382 3207 1490 3250 nomen

164 3299 320 3367 paternum
341 3290 389 3348 ius
411 3289 556 3348 nonfuit.

248 3389 388 3452 Vidimus
420 3409 513 3469 supra
543 3390 707 3450 Antoniam
747 3389 932 3448 Zenonidum
970 3388 1074 3466 stirpis
1109 3371 1262 3467 tamqnam
1300 3391 1491 3450 conditricem

166 3493 306 3570 nupsisse
327 3492 503 3568 Pythodoro
525 3511 551 3552 c.
574 3513 600 3550 a.
624 3491 698 3563 7203
726 3491 814 3549 modo
841 3490 970 3548 vidimus
992 3489 1157 3548 Antonium
1183 3491 1372 3550 triumvirum
1396 3492 1491 3550 filiam

166 3595 309 3654 habuisse
323 3593 456 3651 nubilem
478 3612 502 3651 c.
518 3612 545 3651 a.
563 3593 634 3664 718,
656 3591 693 3650 dc
708 3609 768 3666 qua
782 3590 854 3666 quid
868 3591 979 3648 iactum
993 3591 1043 3663 sit,
1064 3599 1203 3652 auctores
1221 3611 1281 3652 non
1296 3593 1490 3652 tradiderunt.

168 3692 279 3754 Nonne
307 3693 464 3768 probabile
494 3701 541 3750 661
568 3710 633 3750 eam
659 3691 757 3768 ipsam
784 3689 896 3748 fuisse?
926 3683 992 3748 'Aa'
1013 3714 1094 3758 τινες,
1126 3691 1234 3754 Strabo
1262 3694 1377 3765 61114,
1402 3695 1429 3766 1,
1452 3693 1491 3752 42

246 4017 269 4083 ι)
288 4019 341 4070 Dio
360 4019 405 4079 44,
426 4018 474 4069 532
496 4005 541 4082 salu
558 4014 687 4086 θυγατέρα
704 4017 738 4084 τῷ
756 4016 808 4068 ulai
824 4011 900 4070 crlrar'i
922 4017 1034 4082 (Lepidi)
1058 4003 1187 4079 currisset,
1213 4017 1281 4067 nude
1300 4023 1391 4082 postea
1408 4018 1494 4068 Auto-

169 4112 240 4162 nium
259 4119 285 4160 et
303 4111 430 4175 Lepidum
449 4113 574 4178 σνῃιννῖς
592 4111 706 4175 appellat
729 4111 782 4173 (46,
804 4113 847 4162 38.
867 4110 922 4172 52).
959 4109 1012 4162 Sed
1035 4115 1103 4158 16616
1127 4107 1245 4157 observat
1262 4107 1416 4160 Perizonius
1435 4109 1493 4159 ani-

171 4202 257 4256 madv.
276 4201 366 4252 histor.
386 4218 407 4252 c.
423 4201 439 4251 3
463 4199 499 4266 (p.
520 4203 574 4253 134
593 4203 634 4252 ed.
653 4203 763 4254 Amstel.
783 4203 878 4264 leem:
904 4191 956 4250 'aut
973 4201 1063 4268 leviter
1086 4199 1182 4248 erravit
1199 4199 1252 4248 Dio
1276 4205 1321 4248 aut
1342 4200 1380 4249 116
1396 4199 1497 4251 intelle·

168 4295 268 4362 gendus
290 4299 336 4355 661,
361 4300 390 4343 nt
413 4307 470 4342 eam
496 4299 557 4342 tuno
580 4294 742 4344 solummodo
766 4283 933 4358 desponderit
955 4291 1094 4351 Antonius,
1122 4303 1175 4338 non
1199 4304 1260 4340 vero
1286 4290 1383 4354 nuptiis
1407 4291 1494 4340 statim

166 4388 242 4439 iactis
260 4399 355 4450 sponso
375 4385 528 4435 collocatam
548 4376 701 4436 tradiderit’.
733 4385 801 4436 Nam
820 4399 868 4433 nec
885 4387 991 4446 propter
1009 4387 1154 4446 temporum
1171 4382 1285 4431 rationes
1304 4381 1438 4446 probabile
1457 4389 1496 4432 661

167 4477 313 4530 Antonium
332 4475 434 4526 amissis
453 4490 485 4524 cx
504 4475 589 4540 primo
608 4476 771 4526 matrimonio
791 4474 877 4524 liberis
897 4487 928 4522 eo
946 4479 1063 4536 tempore
1081 4473 1162 4522 filiam
1180 4472 1294 4523 nubilem
1313 4465 1446 4535 habuisse,
1470 4480 1496 4524 et

167 4569 261 4630 obstat,
281 4575 310 4616 ut
327 4566 480 4628 ridebimus,
500 4567 645 4632 Appianas.
824 4557 826 4562 ’

245 4655 270 4720 ²)
290 4659 427 4722 Appianas
445 4657 470 4707 b.
485 4672 506 4706 c.
521 4658 546 4719 5,
569 4657 615 4707 931
637 4648 651 4704 a‘
670 4651 698 4704 81
717 4654 834 4717 (Caesar)
852 4641 896 4703 adr
912 4638 1043 4704 'Amalune
1061 4647 1106 4720 11η
1125 4650 1165 4702 aul
1184 4647 1307 4704 Kallias
1324 4641 1494 4721 durari-‘lupar

170 4747 195 4806 te
212 4743 322 4796 Λέπιδον
346 4744 468 4816 ὄκπίμψαι
494 4743 669 4814 συντιθέμενον
692 4743 726 4810 rii
749 4740 851 4809 Λεπίδῳ
874 4732 937 4795 sarri
960 4737 1106 4812 Καίσαρος·
1130 4733 1146 4808 ἦ
1165 4739 1192 4793 di
1212 4743 1339 4807 (Octavia)
1359 4738 1496 4793 curardiae:

169 4833 293 4890 Καλλίαν
314 4831 375 4905 respl
396 4826 480 4906 γάμων
503 4829 701 4906 ἆπισταλμίνὸν·
724 4832 884 4900 βουληθῆναι
906 4829 953 4904 ydp
976 4821 1105 4884 ’Arauivtcr
1127 4822 1175 4904 apd
1192 4832 1239 4886 τόν
1258 4831 1410 4904 Παρθυικῦν
1429 4829 1496 4882 ladr-

172 4915 271 4979 δᾶσθαι
288 4914 331 4989 τὴν
350 4924 477 4996 θυγατίρα
494 4925 529 4992 τῷ
545 4925 617 4977 nardi
636 4922 758 4992 Atriden,
778 4915 891 4996 66861166
912 4913 1065 4994 ω’μολὸῃπο.

248 5013 274 5080 ²)
293 5017 425 5068 Plutarch.
444 5021 543 5070 Auton.
563 5021 589 5071 9.
625 5019 705 5073 Recte
724 5019 757 5070 de
774 5011 816 5070 his
835 5019 955 5084 exposuit
972 5019 1139 5068 Drumannus
1160 5019 1184 5078 1,
1205 5016 1267 5068 518.

248 5107 407 5172 ι)1Ι611.2,
429 5109 473 5160 88.

250 5197 274 5260 ⁵)
293 5200 423 5252 Plutarch.
443 5201 507 5251 Ant.
527 5203 570 5252 87.
