3750 5990
428 501 474 574 at
480 501 501 572 6
999 515 1181 570 uonnsnu

426 691 505 750 lemo
526 688 784 749 aetate'Hadriani
805 685 951 766 clarus.¹)
984 688 1050 747 Iam
1072 707 1138 748 cum
1153 686 1298 748 Claudius
1315 687 1479 762 imperator
1499 705 1527 745 a.
1542 688 1581 744 41
1596 687 1751 748 Polemoni

425 810 482 870 pro
503 809 596 868 regno
618 790 795 868 Bosporano
822 790 922 848 ablato
948 799 1063 867 partem
1086 787 1209 848 Ciliciae
1236 783 1403 864 dederit²),
1433 785 1517 846 Nero
1539 796 1643 847 autem
1667 808 1695 846 a.
1716 789 1748 847 63

425 892 556 952 Pontum
577 891 608 949 in
629 892 801 969 provinciae
822 891 950 950 sormam
970 890 1127 968 redegerit,
1149 889 1290 949 credibile
1312 897 1361 948 est
1381 906 1518 972 nummos
1540 889 1612 948 illos
1635 889 1678 948 M.
1694 889 1749 947 An·

426 993 502 1052 tonii
522 993 642 1052 nomina
663 993 810 1069 iuscripta
830 992 974 1050 habentes
996 991 1084 1050 datos
1107 1009 1174 1050 esse
1195 1009 1249 1066 per
1269 998 1405 1066 tempora
1419 985 1587 1048 Claudiana
1607 1000 1640 1049 et
1660 999 1749 1066 poste
1843 995 1844 1074 ᾗ

426 1094 516 1167 riora,
542 1093 711 1153 Zenonides
733 1101 832 1154 autem
860 1093 981 1152 amissis
1005 1093 1107 1170 reguis
1127 1092 1254 1152 rediisse
1275 1091 1314 1150 ad
1334 1099 1445 1150 statum
1465 1091 1593 1166 primum
1617 1091 1748 1168 dynasta·

426 1213 493 1253 rum
520 1193 630 1266 Olbae,
664 1213 753 1271 quem
784 1193 984 1272 principatum
1016 1201 1170 1271 acceptum
1199 1212 1219 1251 a
1245 1190 1373 1252 Claudio
1401 1191 1491 1251 etiam
1518 1192 1632 1251 amisso
1659 1192 1748 1251 Ponto

425 1295 609 1372 aliquamdiu
631 1295 769 1356 videntur
789 1295 960 1369 retinuisse,
982 1293 1089 1354 deinde
1109 1295 1320 1372 principalium
1341 1293 1451 1352 civium
1473 1292 1653 1352 Laodiceae.

512 1750 598 1813 xlv.
642 1749 919 1813 coaonnsunn
939 1731 1276 1820 nncnnoranen
1297 1749 1429 1810 rvaln
1450 1747 1666 1826 nouoovs

738 1850 955 1912 securum
976 1851 1103 1914 neers
1122 1850 1440 1912 -cnernnoornu

507 2036 556 2097 De
582 2035 744 2112 Cleopatra
769 2037 921 2096 Antoniae
946 2037 1009 2095 lilia
1039 2055 1116 2112 quae
1143 2053 1235 2112 snpra
1261 2035 1325 2095 dixi
1351 2055 1418 2095 cum
1444 2035 1476 2094 in
1503 2037 1628 2095 dubium
1654 2034 1744 2095 vocari

424 2155 516 2215 posse
536 2137 722 2214 intellegam,
750 2149 905 2214 praeterea
925 2138 1109 2214 comparatio
1131 2137 1316 2196 condicionis
1337 2138 1403 2196 eius
1428 2145 1459 2196 et
1479 2136 1693 2213 Pythodoridis
1712 2135 1744 2194 sd

423 2225 488 2300 rem
508 2239 607 2297 faeere
628 2237 780 2308 videatur,
801 2239 838 2297 de
860 2240 927 2316 ipsa
948 2257 1044 2315 pauca
1064 2239 1156 2297 verba
1177 2238 1347 2316 adiungam.
1390 2238 1519 2298 Liberos
1540 2239 1691 2298 Antonius
1710 2257 1743 2302 ex

424 2339 587 2418 Cleopatra
606 2337 738 2414 Aegypti
759 2337 862 2412 regina
883 2339 1015 2414 suscepit
1036 2357 1096 2396 non
1117 2356 1289 2415 perannos
1312 2337 1438 2412 717714,
1465 2359 1524 2416 quo
1545 2359 1612 2398 cum
1640 2359 1677 2400 ea
1695 2339 1744 2397 luit

422 2443 552 2522 primum
573 2441 604 2498 in
627 2437 743 2510 Cilicia,
769 2437 875 2496 deiude
898 2438 1119 2511 Alexandriae,
1146 2439 1199 2498 sed
1220 2447 1380 2516 postquam
1402 2459 1469 2498 eam
1491 2459 1518 2499 a.
1542 2439 1599 2499 717
1625 2449 1744 2500 exeunte

422 2552 476 2603 aut
495 2561 523 2600 a.
546 2542 665 2601 demum
688 2539 748 2598 718
769 2541 800 2598 iu
824 2537 943 2618 Syriam
969 2539 1008 2598 ad
1036 2557 1069 2598 se
1095 2540 1224 2598 vocarit.
1272 2539 1309 2598 Id
1335 2529 1412 2599 satis
1442 2549 1544 2616 aperte
1569 2541 1743 2601 Plutarchus
1843 2609 1844 2612 Ἴ

420 2645 534 2708 indicat
556 2643 640 2718 (Ant.
662 2639 716 2716 36)
737 2642 920 2718 requiritque
945 2659 1046 2698 rerum
1072 2641 1163 2711 ord03
1190 2643 1385 2717 nequeenim
1407 2641 1494 2700 liberi
1521 2641 1565 2700 iili
1591 2645 1658 2702 nati
1681 2649 1743 2701 sunt

420 2763 481 2823 quo
502 2755 635 2821 tempore
656 2743 808 2802 Antonius
829 2742 955 2800 Fuluiae
976 2742 1101 2799 maritus
1123 2750 1196 2813 erat,
1225 2741 1278 2799 sed
1299 2760 1359 2817 quo
1385 2751 1522 2818 tempora
1541 2745 1668 2804 maritus
1687 2755 1743 2802 erat

421 2843 576 2906 Octaviae.
620 2842 691 2903 Non
711 2852 791 2901 recte
805 2841 896 2917 igitur
916 2841 995 2912 inde,
1017 2840 1097 2917 qnod
1116 2839 1177 2900 Dio
1193 2841 1243 2914 49,
1267 2839 1305 2908 37
1328 2842 1368 2900 ad
1389 2861 1415 2901 a
1432 2843 1493 2901 718
1512 2843 1603 2904 ‘trium
1625 2844 1744 2904 Antomi

419 2953 451 3010 et
465 2944 643 3023 Cleopatrae
662 2943 822 3002 liberorum
844 2943 1023 3001 mentionem
1044 2942 1125 3016 iacit,
1147 2943 1343 3020 gemellorum
1364 2944 1494 3002 duorum
1511 2952 1583 3004 natu
1604 2941 1742 3005 maiorum

418 3045 587 3106 Alexandri
609 3056 639 3104 et
653 3042 831 3120 Cleopatrae
845 3043 984 3120 tertiique
998 3042 1175 3114 Ptolemaei,
1188 3044 1386 3104 Drnmannus
1406 3044 1491 3120 (hist.
1509 3047 1535 3116 l,
1551 3044 1606 3122 28)
1630 3048 1744 3123 collegit

418 3147 498 3206 hunc
524 3163 559 3204 eo
587 3145 655 3221 ipso
680 3163 759 3200 anno
786 3151 888 3200 natum
915 3160 999 3216 esse3
1025 3144 1117 3222 immo
1146 3144 1205 3203 Dio
1231 3145 1333 3220 paullo
1355 3145 1480 3206 liberius
1502 3149 1690 3224 exspatiatus
1709 3148 1742 3216 de

417 3245 544 3306 Antonii
571 3251 601 3302 et
622 3241 802 3319 Cleopatrae
826 3241 927 3301 liberis
949 3243 981 3302 in
1002 3245 1173 3304 universum
1195 3245 1330 3322 exponit.
1373 3245 1538 3324 Cleopatra
1560 3248 1656 3323 igitur
1680 3257 1743 3308 nata

417 3354 466 3408 est
486 3354 539 3404 aut
559 3363 584 3404 a
603 3344 662 3403 718
685 3353 817 3404 extremo
835 3352 886 3403 aut
900 3343 1085 3420 probabilius
1098 3363 1177 3405 anno
1192 3354 1345 3422 sequente.
1359 3380 1401 3392 -
1422 3347 1492 3422 Quo
1506 3355 1642 3427 tempore
1655 3351 1741 3408 lubae

417 3446 567 3524 nupserit,
600 3445 790 3520 aliquatenus
820 3443 949 3520 produnt
979 3446 1093 3503 nummi
1125 3446 1279 3524 utriusque
1300 3449 1408 3522 eapite
1433 3448 1568 3524 insignes
1594 3450 1743 3528 adscripta

417 3545 563 3606 habentes
596 3543 635 3602 ad
665 3544 724 3602 viri
755 3550 844 3618 capnt
874 3545 966 3602 verba
993 3563 1044 3604 rea
1071 3547 1147 3604 laba
1172 3551 1248 3623 repis
1273 3547 1359 3606 Jabci
1377 3551 1405 3623 s.
1428 3548 1542 3625 topos)
1567 3550 1674 3628 c(ano)
1705 3549 1746 3610 Vl

419 3645 470 3724 (L.
498 3645 626 3706 Mueller
657 3663 732 3702 aum.
760 3644 795 3703 ds
816 3641 959 3720 i’Asrique
985 3645 1013 3718 3,
1044 3645 1127 3722 108).
1170 3645 1308 3724 Regnum
1336 3649 1543 3710 Mauretaniae
1572 3669 1641 3710 cum
1670 3653 1744 3711 Iuba

417 3748 585 3808 obtinuisse
611 3745 748 3810 videatur
769 3763 796 3802 a.
818 3765 847 3803 u.
868 3763 893 3803 c.
917 3744 976 3803 729
999 3745 1049 3821 (L.
1071 3746 1200 3806 Mueller
1223 3749 1242 3808 l.
1265 3767 1290 3808 c.
1313 3769 1342 3826 p.
1368 3749 1452 3826 114),
1478 3752 1583 3828 nupsit
1607 3753 1637 3811 ei
1660 3751 1741 3812 Cleo-

416 3856 504 3928 patra
525 3865 585 3907 non
606 3853 675 3924 post
696 3865 724 3906 a.
747 3847 824 3918 734,
852 3863 911 3922 quo
939 3863 976 3904 ea
1000 3864 1111 3906 annum
1136 3849 1248 3924 agebat
1265 3850 1401 3925 quintum
1422 3851 1578 3910 decimum.
1622 3851 1742 3914 Nummi

416 3958 521 4011 extant
548 3958 610 4009 tam
636 3946 770 4027 argentei
794 3965 885 4022 quam
913 3947 999 4006 aenei
1020 3947 1073 4006 elii
1099 3949 1163 4008 eius
1185 3949 1279 4008 solius
1306 3953 1427 4010 nomine
1455 3953 1605 4030 inscripti,
1633 3957 1741 4016 scilieet
1843 4031 1844 4034 Ἴ

416 4043 584 4133 Κλεοπάτρα
612 4040 797 4115 βασίλισσα,
828 4055 859 4106 et
885 4047 993 4124 signati
1020 4049 1117 4124 capite
1145 4051 1211 4110 eius
1237 4052 1321 4128 regio
1349 4052 1516 4112 diademate
1542 4064 1664 4130 ornato,
1693 4056 1740 4116 alii

415 4152 497 4229 iique
523 4151 627 4228 plures
649 4149 771 4208 nomina
795 4167 845 4206 reu
866 4139 1177 4210 inhaerescere«
1198 4143 1369 4236 Κλεοπάτρα
1390 4173 1554 4232 eorumque
1576 4159 1679 4234 capita
1698 4159 1738 4216 its

414 4253 642 4329 coniungentes,
664 4257 698 4308 ut
718 4257 819 4325 aperte
839 4248 983 4327 coniuges
1005 4249 1063 4308 sibi
1084 4251 1323 4328 aequiparentur.
1340 4329 1343 4334 Ι
1362 4255 1408 4314 On
1423 4251 1560 4331 pourrciit
1580 4258 1740 4326 dermatiu,

414 4351 578 4411 Muellerus
601 4351 644 4407 ait
658 4368 688 4424 p.
706 4348 775 4418 116,
798 4353 825 4407 ai
840 4349 879 4408 les
898 4353 1044 4409 munacius
1066 4355 1117 4426 qai
1126 4352 1290 4428 prisenteat
1311 4355 1337 4413 le
1356 4373 1421 4414 nom
1442 4366 1469 4416 et
1489 4357 1520 4414 la
1539 4358 1592 4417 tete
1612 4359 1648 4418 ds
1664 4359 1739 4420 Ota

410 4459 508 4526 patra,
530 4467 570 4508 aa
592 4451 683 4506 moins
705 4449 787 4506 calles
810 4449 846 4506 oti
866 4468 900 4507 aa
921 4469 951 4509 se
972 4461 1099 4510 trouvent
1114 4471 1173 4528 par
1200 4454 1225 4512 le
1246 4473 1310 4513 nom
1332 4465 1358 4514 et
1379 4457 1409 4514 la
1430 4456 1482 4516 trite
1502 4458 1537 4515 dc
1550 4441 1643 4532 'laba
1666 4454 1740 4517 a’oat

409 4566 469 4626 pua
496 4547 540 4606 aa
557 4548 700 4624 srupptea
726 4567 759 4606 aa
783 4559 863 4608 verta
889 4551 973 4610 daus
994 4553 1118 4611 astorica
1136 4557 1301 4614 accumulas
1326 4573 1363 4615 oa
1390 4557 1461 4616 dua
1486 4559 1563 4616 droit
1587 4561 1740 4619 monacus

411 4647 547 4708 secordis
574 4649 834 4725 pandulibaaeat
861 4649 881 4710 ὰ
908 4661 975 4711 cetea
1001 4655 1092 4726 raiae,
1130 4663 1161 4713 et
1190 4655 1260 4714 lieet
1289 4656 1356 4732 ipse
1384 4657 1416 4716 id
1441 4658 1490 4719 ius
1522 4669 1611 4737 neget
1643 4659 1738 4739 magis

489 4936 513 5000 ¹)
541 4937 712 4988 Philostratus
743 4937 787 4988 rit
815 4938 889 5004 soph.
917 4943 942 5002 1,
971 4941 1014 5002 25,
1045 4941 1074 4992 3:
1105 4929 1234 5000 ’Andriae
1264 4941 1397 5012 Πολέμων.
1449 4945 1551 4997 Titulus
1580 4947 1737 5013 Smyrnaeus

413 5027 443 5077 C.
462 5027 484 5078 Ι,
504 5027 551 5078 Gr.
571 5029 653 5079 3148.

487 5113 512 5178 ¹)
531 5117 584 5169 Dio
604 5119 648 5183 60,
670 5119 696 5172 8·
