3826 5962
694 593 961 648 mesenensem.
1415 581 1488 653 219

161 784 200 841 erl
227 783 330 842 sedem
353 781 452 841 Dives
467 781 614 859 Virginis,
642 783 690 843 oni
711 783 865 861 Pensgiee
887 784 1087 862 pyrgiotiseee
1109 804 1217 846 nomen
1238 796 1299 858 est,
1325 805 1420 866 nuper
1441 791 1491 848 de·

163 883 306 959 seriptum
333 893 363 942 et
387 901 501 942 meeum
524 884 774 943 eommunioelum
796 903 814 943 o
837 882 974 944 Gustare
996 884 1170 946 Hirschfeld
1191 886 1240 946 hio
1259 905 1426 965 proponere
1447 891 1491 949 vi·

162 1002 227 1042 sum
250 991 305 1042 esi.
546 977 549 984 ’

421 1065 899 1198 ηοηΛιοΝιτιιηΜιοΝτητΛῶΧ
1073 1059 1251 1176 suis

420 1189 1035 1274 mesrrou·mresror-esesrrorrpffff„
1048 1177 1075 1237 ei
1083 1190 1226 1234 rsrrrrou

422 1287 1064 1337 usmeeuorxnsrorour-xorrsrozrssueror

422 1390 1186 1436 reresurror-seuusromoeuiroreonsrroerrssrrr

367 1495 378 1533 s
421 1489 1223 1537 rorxsrsrorroeeruernumeerroumsrsrorxsrenroe

423 1573 1087 1638 reeserorsreunro-nouoromsruouezorou

421 1691 1135 1736 roumrroreresrersrusrrnumrnununeuneu

163 1827 252 1902 Quod
274 1839 400 1888 exeunte
422 1828 485 1886 nl
507 1829 615 1906 legitur
637 1819 706 1906 l([nl
728 1825 997 1905 dvrrlerrs'rrrrou,
1021 1828 1058 1887 ed
1079 1829 1168 1888 finem
1192 1831 1251 1887 v.l
1276 1831 1489 1890 restituendum

161 1947 230 1990 esse
263 1930 393 1989 ostendit
424 1929 542 1988 titulum
576 1915 784 2012 rprrfisoruu,
817 1949 878 2008 que
905 1949 972 1989 eum
1000 1948 1060 1988 non
1087 1929 1178 2006 plene
1204 1931 1363 2006 explentur
1391 1935 1490 1994 hietue

162 2033 192 2089 in
215 2031 274 2088 r.l
304 2031 423 2100 obrius,
442 2032 553 2090 ‘neseio
581 2050 619 2090 en
645 2033 820 2101 consuleres
846 2032 888 2090 ibi
916 2031 1066 2090 indicetne
1091 2033 1181 2092 luerit
1206 2033 1425 2112 legendumque
1451 2037 1490 2094 sit

163 2123 278 2189 ὕπατον.
323 2131 436 2190 Feseee
463 2131 558 2208 gessit
583 2131 717 2208 Regulus
745 2150 823 2192 enno
845 2133 901 2203 31,
928 2151 1006 2190 anno
1033 2141 1131 2192 eutem
1153 2134 1193 2194 36
1219 2134 1338 2210 legatus
1360 2135 1489 2212 Augusti

162 2254 206 2310 pr.
229 2252 273 2309 pr.
296 2234 407 2291 missus
429 2240 475 2300 est
496 2232 534 2290 ed
554 2233 701 2308 regendas
724 2233 898 2309 provincias
917 2233 1065 2292 Aehsiem
1087 2242 1117 2293 ei
1134 2234 1340 2294 Macedoniam
1362 2241 1393 2294 ei
1406 2235 1490 2294 Moe·

162 2334 252 2404 siam,
275 2333 383 2410 quibus
404 2349 457 2410 per
478 2339 574 2392 lotum
598 2331 669 2393 Geli
690 2333 851 2410 imperium
869 2340 899 2392 ei
920 2334 1024 2410 primis
1047 2335 1137 2392 etiem
1159 2331 1279 2394 Claudii
1300 2335 1387 2394 eneis
1408 2335 1491 2394 vide·

162 2445 210 2494 tur
230 2435 398 2512 praefuisse
419 2433 470 2509 (ol.
493 2433 661 2512 Hertzberg
681 2432 782 2494 Gesoh.
801 2432 961 2494 Griselenl.
977 2433 1008 2491 ll
1029 2451 1058 2510 p.
1076 2435 1094 2492 8
1117 2441 1148 2492 ei
1170 2433 1379 2510 Dittenberger
1401 2435 1420 2492 l.
1438 2435 1489 2510 n).

162 2534 231 2594 Fuit
252 2535 343 2612 igitur
363 2535 481 2612 legatus
503 2535 710 2612 Augustorum
732 2535 838 2604 trium,
860 2553 928 2594 eum
951 2533 1008 2592 hoe
1030 2533 1116 2592 titulo
1139 2551 1198 2592 non
1219 2535 1409 2592 enuntientur
1429 2535 1489 2592 nisi

140 2629 220 2694 'duo
246 2637 298 2710 qui
325 2645 396 2694 sunt
417 2635 559 2694 Tiberius
582 2634 696 2695 Caesar
723 2636 878 2712 Angustus
905 2643 934 2692 et
956 2633 1098 2693 Tiberius
1121 2632 1266 2693 Claudius
1288 2631 1402 2692 (leesor
1428 2636 1491 2692 Au·

163 2743 268 2812 gustus
291 2734 499 2796 Germanicus.
543 2737 579 2796 ld
604 2736 685 2812 quod
707 2754 780 2795 eave
800 2753 837 2794 eo
858 2735 987 2805 referes,
1017 2734 1098 2812 quod
1118 2733 1254 2810 Regulus
1276 2751 1295 2792 e
1316 2731 1394 2792 Geio
1417 2731 1491 2792 Gee-

162 2853 230 2894 ssre
251 2837 377 2895 Remum
399 2847 524 2897 roseius
547 2837 585 2896 ed
605 2837 738 2896 Lolliam
758 2831 882 2896 uxorem
898 2833 1023 2894 caesari
1044 2833 1288 2911 despondendem
1310 2830 1407 2909 (Suet.
1424 2831 1490 2894 Cel.

164 2937 217 3008 25;
245 2937 305 2996 Dio
326 2939 380 3007 59,
398 2938 449 3014 12)
478 2947 548 3016 poet
574 2939 663 2998 huius
691 2937 810 2996 demum
836 2943 961 2994 mortem
987 2935 1019 2997 in
1045 2934 1229 3012 provinciam
1256 2933 1390 3006 redierim
1420 2953 1507 2994 nom·

162 3055 240 3096 euno
267 3045 347 3096 eerte
374 3039 413 3096 40
445 3039 477 3098 in
507 3038 638 3099 Grueoie
664 3057 732 3097 eum
761 3043 977 3095 eommorotum
1006 3053 1071 3094 esse
1100 3052 1140 3094 ex
1167 3033 1206 3094 iis
1235 3033 1386 3112 colligitur
1414 3051 1492 3110 quse

162 3149 265 3198 namet
282 3139 431 3214 Iosephus
453 3138 505 3216 (A.
521 3141 548 3198 I.
567 3137 615 3210 19,
634 3141 660 3210 1,
679 3138 719 3213 l).
756 3137 853 3196 Immo
874 3153 982 3195 nomen
1003 3135 1127 3212 pessimi
1148 3135 1338 3210 imperatoris
1352 3135 1491 3194 eonsnllo

162 3240 354 3316 praeteritum
374 3248 430 3299 est.
449 3273 491 3285 -
517 3239 599 3300 Note
619 3245 776 3316 praetereo
797 3236 946 3314 Regulum
968 3235 1133 3313 nnneuperi
1155 3226 1336 3318 πρεσβευτὴν
1357 3225 1491 3316 Τιβερίου

162 3334 305 3423 Kur'noepoe
333 3332 493 3405 Σεβαστοῦ
518 3331 566 3398 uei
595 3329 835 3421 ἀντιστράτηγον,
869 3337 960 3396 verbo
986 3345 1086 3395 eutem
1113 3325 1160 3392 noel
1188 3326 1320 3418 Τιβερίου
1346 3326 1492 3394 Κλαυδίου

161 3436 303 3527 Kulroeprc
325 3433 486 3506 Σεβαστοῦ
511 3441 672 3518 subsequi,
698 3458 766 3500 oum
792 3438 953 3498 inserendo
978 3445 1079 3496 essent
1104 3444 1172 3494 ente
1200 3453 1236 3494 ee
1256 3451 1336 3510 queo
1355 3444 1425 3494 sunt
1444 3424 1493 3490 uel

162 3533 394 3626 ἁντιττράτηγον.
417 3577 461 3588 --
492 3530 629 3604 Sisenem
656 3539 768 3618 Reguli
795 3540 833 3598 de
860 3557 915 3599 suo
943 3537 1093 3598 dedicerit
1119 3535 1168 3598 Ti.
1198 3532 1344 3596 claudius
1373 3533 1494 3594 Novius

161 3643 275 3704 Philini
295 3643 391 3714 lilius,
414 3643 499 3701 ouius
520 3641 607 3717 pluro
628 3649 821 3700 monuments
842 3644 1014 3718 supersunt.
1056 3637 1106 3696 De
1127 3655 1163 3696 eo
1185 3636 1239 3712 qni
1259 3653 1356 3714 nuper
1377 3635 1439 3712 egil
1459 3635 1493 3694 iu

163 3744 294 3804 Hermae
316 3744 409 3802 roll
432 3761 460 3820 p.
477 3741 537 3801 416
550 3760 633 3818 seqq.
656 3739 853 3801 Neubeuerns
873 3740 904 3798 in
926 3757 962 3798 eo
983 3735 1102 3796 ridetur
1121 3737 1279 3808 erravisse,
1305 3734 1387 3811 quod
1407 3743 1494 3812 putet

162 3844 295 3904 Novium
322 3842 416 3901 inisse
437 3843 553 3920 origiue
572 3841 742 3900 Romanum
763 3849 870 3918 postes
890 3839 1039 3899 civitatem
1060 3843 1179 3895 neotum
1200 3835 1338 3894 Athenis.
1382 3833 1492 3907 Quem-

164 3947 210 4004 vis
232 3943 311 4002 enim
332 3941 477 4020 originem
492 3941 629 4000 Iteliesm
649 3941 781 4002 indieere
796 3939 932 4000 videntur
953 3955 1061 3997 nomen
1080 3934 1161 4012 quod
1174 3941 1222 3993 esi
1234 3928 1353 4002 Nonius,
1375 3939 1491 4008 petrem

162 4045 314 4106 Graecum
345 4043 440 4103 luisse
465 4042 579 4102 Philini
610 4060 720 4102 nomen
751 4040 897 4110 ostendit,
929 4039 1024 4098 lilium
1057 4043 1156 4094 entem
1188 4033 1309 4093 demum
1340 4032 1491 4121 civitatem

162 4147 330 4206 Romanam
356 4141 520 4204 aclaudio
546 4143 725 4220 impensiore
747 4141 897 4216 sooepisse
918 4155 1101 4215 praenomen
1123 4135 1186 4194 eius
1207 4147 1376 4208 nomenque
1398 4133 1492 4190 meni·

162 4248 239 4308 lesio
261 4246 473 4306 demonstrent.

1234 4369 1283 4429 W.
1305 4367 1446 4427 Hennes.
