3858 5960
614 616 912 672 onssnvnmouss
929 616 1048 670 nerea.
1067 615 1117 668 v1.
1454 609 1524 680 129

195 795 260 854 suis
282 791 421 851 Postumi
442 789 617 850 concubinis
640 806 748 872 nomen
770 788 905 848 duxisse.
941 790 1105 865 Imperator
1127 789 1289 851 Antoninus
1307 792 1455 870 Anpuama
1475 803 1527 876 qui

196 895 367 954 nominatur
388 891 451 952 v.9
474 909 544 948 num
567 891 607 948 sit
628 889 702 948 Pius
725 907 763 947 an
785 890 906 949 Marcus
928 908 966 947 an
989 888 1148 949 Caracalla
1168 910 1205 949 an
1228 892 1426 970 Elagabalus,
1449 909 1530 960 certa

196 995 313 1053 ratione
335 991 452 1051 deliniri
475 1009 534 1049 non
554 999 664 1067 potest,
685 1008 752 1048 cum
768 1008 844 1066 quae
859 999 1015 1065 praeterea
1028 990 1058 1048 in
1074 990 1161 1049 titulo
1175 992 1315 1070 leguntur
1329 997 1459 1057 omnium
1475 1001 1529 1059 ho·

197 1115 264 1154 rum
279 1095 406 1171 tempori
420 1101 501 1151 recte
516 1089 703 1150 conveniant.
719 1121 760 1134 —
782 1087 899 1148 Cursus
921 1091 1069 1149 honorum
1091 1093 1166 1150 satis
1189 1095 1347 1170 expeditus
1369 1107 1424 1156 est.
1461 1101 1530 1160 Tri·

198 1197 342 1255 buuatum
368 1194 529 1252 militarem
554 1191 717 1250 Postumus
743 1197 796 1248 aut
820 1190 922 1248 omisit
948 1199 1000 1249 aut
1025 1189 1193 1268 reticuit1).
1237 1194 1313 1253 Post
1339 1207 1530 1272 quaesturam

199 1315 300 1354 euram
317 1294 452 1352 coloniae
466 1291 586 1350 Ardeae
607 1291 730 1368 accepit,
753 1308 830 1366 quac
852 1291 1021 1350 curationes
1043 1310 1223 1368 quamquam
1247 1295 1423 1374 plerumque
1445 1319 1531 1376 prae-

201 1397 286 1454 toriis
308 1393 529 1472 permittuntur,
551 1411 610 1450 non
632 1391 772 1450 deliciunt
793 1391 932 1467 exempla
953 1399 1021 1450 ante
1043 1399 1213 1466 praeturam
1235 1395 1419 1474 datarumi).
1464 1401 1530 1461 Tri-

201 1497 344 1554 bunatum
365 1495 463 1571 plebis
485 1493 587 1552 omisit
607 1492 740 1550 adlectus
762 1491 839 1549 inter
861 1492 1037 1551 tribunicios
1060 1493 1098 1550 ab
1120 1493 1308 1570 imperatore.
1352 1497 1424 1556 Mox
1446 1511 1533 1578 gesta

200 1603 342 1672 praetura
363 1593 475 1670 legioni
491 1593 534 1650 Vl
555 1591 693 1663 ferratae,
716 1610 793 1668 quae
815 1607 850 1649 eo
872 1599 1006 1668 tempore
1027 1592 1058 1650 in
1079 1592 1193 1651 Iudaea
1214 1603 1288 1667 erat,
1310 1596 1428 1672 legatus
1447 1619 1532 1676 prae·

200 1696 267 1754 tuit.
310 1695 374 1753 lam
397 1711 469 1753 vero
494 1711 571 1769 quae
597 1699 761 1768 sequuntur
788 1689 878 1750 verba
905 1693 1037 1749 ordinato
1063 1697 1093 1750 in
1118 1692 1220 1752 Gallia
1242 1705 1274 1753 at
1293 1701 1418 1773 quinque
1431 1703 1532 1776 saccea

201 1795 273 1873 quid
294 1795 470 1872 significent,
492 1793 704 1870 explicandum
726 1799 779 1850 est
816 1787 889 1852 Sine
910 1791 1000 1849 dubio
1023 1811 1082 1850 uon
1104 1793 1162 1852 hoc
1184 1797 1354 1855 enuntiatur
1372 1799 1532 1876 imperato-

201 1917 263 1956 rem
287 1898 317 1955 in
338 1893 442 1956 Gallia
463 1902 627 1952 morantem
649 1891 795 1950 Postumo
818 1909 926 1948 munus
948 1891 1071 1966 aliquod
1092 1893 1291 1970 impertivisse
1313 1915 1380 1956 cum
1402 1873 1534 1979 quinque

203 1998 327 2056 inscium
349 1997 413 2054 iure
437 1996 642 2065 coniunctum,
670 2011 737 2051 cum
759 1991 905 2050 eiusmodi
927 1993 1132 2069 interpretatio
1154 2001 1184 2052 et
1205 1995 1354 2056 similibus
1375 1999 1533 2060 locutioni-

202 2098 259 2156 bus
281 2097 432 2155 contraria
453 2093 532 2170 giga)
554 2102 584 2153 et
604 2095 673 2170 ipsa
694 2091 839 2162 absurdam
861 2110 958 2166 neque
980 2093 1058 2150 enim
1081 2093 1120 2152 ad
1140 2113 1203 2153 rem
1223 2097 1361 2172 pertinet,
1384 2109 1481 2160 utrum
1503 2105 1533 2161 in

205 2195 307 2258 Gallia
331 2215 370 2255 an
398 2198 428 2255 in
450 2197 523 2254 urbe
544 2193 719 2253 beneficium
741 2193 779 2250 ab
802 2193 982 2268 imperatore
1004 2194 1183 2254 conferatur.
1228 2195 1295 2254 Hoc
1316 2200 1415 2275 posito
1437 2205 1535 2278 sequi·

204 2305 254 2356 tur
268 2297 360 2355 verba
380 2297 417 2354 de
439 2295 548 2372 quibus
570 2295 688 2372 agimm
711 2311 771 2352 non
794 2292 1000 2368 coniungenda
1021 2312 1089 2354 esse
1110 2314 1178 2354 cum
1199 2295 1238 2355 iis
1260 2315 1335 2374 quae
1355 2304 1537 2376 praecedunt

200 2399 298 2475 praefi
320 2402 418 2456 aerari
437 2397 529 2464 milit,
551 2414 617 2454 cum
640 2413 677 2453 ea
697 2394 885 2470 praefectura
906 2395 937 2452 in
959 2396 1032 2453 urbe
1054 2395 1257 2455 administrari
1275 2397 1419 2474 debuerit,
1441 2405 1535 2463 multo

204 2499 303 2558 miuus
329 2517 396 2556 cum
421 2498 460 2556 iis
487 2515 562 2573 quae
590 2503 756 2572 sequuntur
781 2494 818 2554 de
844 2494 994 2570 legatione
1021 2496 1186 2571 legionaris
1207 2497 1415 2560 administrata
1435 2503 1465 2562 in
1488 2505 1535 2562 Iu·

205 2599 290 2671 daca,
313 2598 366 2658 sed
387 2615 523 2657 seorsum
545 2595 729 2671 accipienda,
750 2601 783 2654 ut
804 2595 971 2671 significent
990 2613 1098 2654 munus
1118 2597 1195 2654 inter
1213 2597 1395 2673 legationem
1409 2602 1537 2678 legionis

207 2707 237 2758 et
261 2699 478 2775 praefecturam
506 2697 615 2756 aerarii
639 2695 857 2773 interpositum.
902 2693 968 2754 Nec
989 2713 1098 2753 munus
1120 2696 1195 2753 illud
1216 2697 1305 2772 plane
1326 2699 1460 2775 ignotum
1482 2715 1536 2777 est,

208 2799 298 2858 immo
325 2809 394 2876 post
420 2818 469 2869 ea,
497 2817 574 2874 quae
600 2797 637 2854 de
663 2795 961 2872 quinquelascalibus
988 2795 1060 2853 olim
1087 2794 1229 2871 docui⁴)‚
1256 2797 1315 2857 ho·
1333 2819 1424 2858 unum
1447 2821 1537 2878 quae·

207 2900 331 2959 rendum
354 2905 501 2977 superest,
528 2905 627 2956 utrum
649 2895 863 2973 intellegantur
883 2895 942 2954 hou
962 2894 1029 2952 loco
1051 2895 1142 2972 legati
1163 2897 1293 2974 Augusti
1315 2900 1537 2974 provinciarum

208 3001 362 3078 praetorii,
384 3001 576 3076 magistratus
598 3017 631 3056 re
652 3004 731 3056 certe
753 2995 908 3068 ordinarii,
931 3013 970 3053 au
991 2994 1082 3072 legati
1098 2995 1229 3073 Augusti
1252 3007 1339 3058 extra
1357 3000 1491 3063 ordinem
1506 3006 1538 3064 in

207 3101 379 3179 provincias
406 3099 572 3158 senatorias
599 3097 699 3168 missi3
729 3115 798 3155 nam
826 3105 886 3154 tam
913 3095 974 3154 illis
994 3113 1085 3172 quam
1107 3095 1154 3153 his
1176 3095 1307 3172 quinque
1327 3099 1426 3160 fasces
1448 3105 1539 3166 tribui

209 3197 354 3260 solebant.
398 3199 526 3258 Videtur
553 3205 651 3258 autem
673 3198 837 3257 Postumus
863 3215 901 3255 ex
927 3197 984 3254 hoc
1009 3213 1118 3272 genere
1143 3197 1239 3274 magis
1265 3197 1360 3260 fuisse
1387 3221 1477 3278 quam
1499 3226 1539 3266 ex

208 3303 271 3361 illo.
307 3301 387 3360 Nam
408 3301 525 3376 legatus
541 3299 672 3375 Augusti
694 3297 758 3356 sive
780 3297 1036 3374 quinqueiascalis
1054 3297 1223 3373 provinciae
1239 3298 1451 3378 Lugdunensis
1465 3308 1540 3366 mire

209 3404 358 3462 diceretur
385 3402 535 3482 ordinatae
557 3403 588 3457 in
612 3397 713 3458 Gallia
734 3399 776 3455 nd
795 3401 919 3474 quinque
932 3399 1048 3470 suarem
1075 3405 1181 3457 contra
1206 3417 1243 3456 ea
1263 3401 1444 3477 significatio
1466 3410 1540 3468 satis

210 3511 347 3562 accurate
374 3501 537 3578 respondet
562 3496 699 3559 Graecae
726 3492 795 3582 apic
824 3489 904 3554 niara
931 3488 1065 3578 ῥάβδους
1091 3488 1239 3573 πεμφθεὶς
1266 3500 1305 3559 ric
1335 3498 1539 3585 Βιιὸυνῖανῦ).

210 3603 317 3680 Itaque
344 3603 413 3660 talis
442 3600 574 3660 muneris
602 3600 730 3676 primum
760 3599 931 3676 exemplum
955 3597 1065 3658 Latine
1092 3599 1237 3676 scriptum
1262 3601 1367 3663 titulus
1393 3603 1540 3668 Cirtensis

212 3704 426 3763 subministrat.
544 3701 547 3706 ’

289 3894 312 3956 ¹)
342 3893 382 3946 Gi.
397 3891 556 3945 Stantrreclat
570 3895 593 3956 1,
608 3893 670 3944 449.
708 3891 790 3942 Omisi
810 3891 845 3940 ibi
865 3891 950 3940 locum
970 3890 1036 3938 vitae
1050 3890 1139 3941 Severi
1159 3893 1212 3940 ο.2
1232 3905 1314 3956 nuper
1332 3897 1434 3959 egregio
1453 3913 1540 3949 emen·

212 3987 300 4036 mium
313 3986 344 4035 ab
358 3985 531 4036 Hirschfeldio
550 3983 668 4046 (Hermes
678 3983 703 4046 3,
715 3980 788 4043 230),
807 3981 853 4031 ubi
865 3985 985 4030 narratur
998 3979 1122 4032 Severum
1135 3987 1298 4044 quaesturam
1311 3985 1438 4047 accepisse
1452 3989 1540 4038 omisso

213 4074 341 4126 minnota
359 4077 474 4126 militari.
669 4129 678 4144 .

290 4164 315 4228 ¹)
343 4167 448 4218 Hennen
467 4167 494 4216 in
513 4181 574 4216 ann.
594 4166 653 4214 inst.
674 4163 743 4214 arch.
766 4163 845 4224 1851,
866 4161 909 4214 25.

291 4253 316 4318 ¹)
343 4259 468 4322 Intellego
487 4257 588 4306 titulum
602 4254 683 4306 Orell.
697 4253 768 4305 3456
783 4271 817 4294 =
831 4250 901 4302 Ball.
915 4244 973 4302 dell'
989 4249 1052 4301 Inat.
1068 4249 1138 4302 1845
1152 4266 1177 4316 p.
1190 4251 1242 4301 137
1261 4251 1304 4312 (ci.
1317 4253 1413 4306 ibidem
1426 4273 1452 4322 p.
1465 4259 1542 4320 132)ι

215 4345 273 4398 Sec.
294 4346 382 4397 Astrio
469 4344 562 4396 Feroci
582 4345 722 4396 centurioni
744 4343 870 4411 legb'onis)
889 4341 923 4392 II
942 4339 1072 4392 Traianae
1086 4340 1183 4406 sortia·
1207 4339 1266 4392 lan
1283 4344 1368 4410 primo
1391 4349 1495 4398 omnium
1513 4366 1544 4400 ea

214 4437 406 4499 cornicnl(nrio)
423 4435 571 4504 proesiecti)
591 4434 714 4502 rigidum)
729 4435 787 4502 imp.
804 4431 899 4486 Ouarar
911 4431 1053 4482 Antoninus
1065 4432 1132 4499 Aug.
1145 4430 1210 4482 Pina
1221 4447 1253 4500 p.
1264 4449 1295 4500 p.
1308 4434 1419 4487 ordinem
1431 4437 1543 4491 Alexan·

215 4526 289 4578 driue
307 4525 384 4577 dedit.
421 4527 551 4578 Nimirum
573 4527 700 4590 legionem
724 4525 796 4574 illem
815 4531 904 4574 notum
923 4530 962 4574 est
980 4524 1123 4574 constitisse
1141 4523 1327 4576 Menandriae.
1366 4527 1544 4584 conferendus

216 4625 255 4668 est
273 4619 350 4668 etiam
369 4618 459 4667 titulus
476 4617 593 4667 Henneni
612 4633 637 4666 n.
652 4616 739 4667 6773:
759 4630 790 4665 ea
809 4615 856 4681 leg.
875 4611 930 4664 VII
949 4611 987 4665 01.
1007 4612 1140 4664 ordinatae
1157 4617 1170 4660 7
1188 4615 1215 4664 in
1235 4615 1283 4682 lep.
1304 4613 1370 4672 1111
1385 4618 1454 4686 Sept.
1474 4625 1544 4674 simi.

216 4708 303 4773 lesqne
321 4723 347 4758 n.
362 4707 442 4758 6772.
456 4708 536 4758 6774.

293 4796 317 4860 ¹)
345 4795 462 4849 Berieltc
480 4797 526 4849 der
544 4795 627 4849 edelr.
649 4793 784 4848 Gerellach.
806 4795 876 4846 1852
895 4810 921 4859 p.
937 4796 999 4844 227.
1032 4790 1191 4845 Staotrrecit
1211 4798 1235 4858 1,
1250 4797 1312 4849 308.

293 4885 317 4949 ⁵)
346 4887 472 4942 c.1.Gr.
491 4889 573 4940 4033.
592 4888 674 4940 40³4.
711 4885 837 4939 Similiter
854 4885 908 4936 Dio
928 4885 971 4948 57,
989 4887 1035 4936 ll:
1055 4886 1110 4942 ταῖς
1129 4882 1152 4934 iv
1170 4883 1203 4958 'i
1220 4879 1299 4953 ’Antip
1316 4878 1409 4940 πᾶλισι
1426 4894 1482 4950 ταῖς
1499 4884 1545 4942 ini

216 4975 261 5028 τοῦ
284 4975 392 5047 σεισμοῦ
412 4973 581 5038 κακωθείσαις
605 4968 663 5047 civrip
688 4965 870 5045 iaspnrquanic
888 4963 934 5026 erin
951 4971 1021 5026 niem
1041 4964 1197 5047 ρἀβδοῦχοις
1214 4969 1395 5050 προσετάχθη.
1434 4982 1475 5034 ct,
1495 4985 1546 5036 Tg.

217 5070 282 5122 citus
299 5083 361 5123 anu.
381 5070 407 5132 2,
427 5071 469 5120 17.
