3750 5990
402 611 476 686 290
974 626 1156 679 noussen

402 805 436 864 ln
457 803 538 863 bello
559 799 681 860 Persico
709 815 784 876 quas
807 805 907 874 partas
929 797 1073 858 Thisbaai
1095 799 1189 858 secuti
1216 799 1276 857 sint
1296 799 1425 876 quidque
1452 818 1507 876 per
1533 819 1570 860 aa
1595 809 1734 878 tempora

401 913 431 966 et
452 909 575 980 propter
595 919 632 960 ea
651 899 798 977 perpessi,
820 898 881 956 iam
903 918 942 958 ex
964 909 1085 958 senatus
1107 900 1244 959 consulto
1266 919 1302 958 eo
1323 900 1361 958 de
1382 917 1442 976 quo
1463 901 1732 976 agimnsluculen·

400 1017 445 1068 ter
466 1009 600 1081 apparet,
621 1020 681 1078 quo
697 1019 774 1076 quae
789 999 956 1072 traduntur,
979 1018 1047 1060 cum
1062 1001 1110 1060 hic
1131 1003 1162 1060 in
1178 1001 1276 1060 media
1294 1000 1360 1060 lucc
1374 1001 1545 1079 Polybium
1566 1018 1732 1078 versemur,

400 1105 541 1168 facillime
563 1113 593 1162 et
612 1101 788 1178 planissime
809 1101 848 1160 ad
869 1101 1040 1160 universum
1058 1119 1157 1160 rerum
1179 1111 1332 1180 gestarum
1354 1103 1489 1162 ordinem
1510 1103 1709 1181 applicantur.

479 1205 598 1264 Bellum
618 1203 773 1262 Persicum
793 1202 893 1277 coepit
913 1221 932 1262 a
954 1203 1076 1262 Boeotis
1101 1203 1232 1280 antiquis
1252 1203 1347 1280 partis
1368 1204 1580 1264 Macedonicae
1602 1213 1731 1264 sectato-

399 1307 483 1366 ribus
504 1315 533 1366 et
551 1325 570 1364 a
583 1305 788 1364 Romanorum
809 1304 951 1362 societate
972 1303 1081 1364 infesto
1101 1321 1204 1362 corum
1226 1304 1295 1362 odio
1314 1305 1437 1364 acarde.
1471 1303 1547 1364 Cum
1567 1306 1730 1366 amicitiam

400 1407 544 1468 Romanis
566 1406 764 1482 suspiciosam
785 1403 893 1462 Boeoti
920 1423 988 1463 cum
1013 1423 1084 1482 rege
1105 1405 1218 1464 Perseo
1243 1404 1397 1476 fecissent,
1424 1405 1552 1464 Romani
1577 1407 1670 1485 legati
1691 1409 1730 1466 ob

399 1527 465 1570 eam
481 1523 604 1570 cansam
623 1509 654 1566 in
669 1505 826 1566 Graeciam
842 1505 927 1564 missi
947 1505 1055 1566 callida
1069 1515 1253 1584 negaverunt
1267 1524 1301 1568 se
1319 1507 1355 1566 de
1370 1525 1406 1564 ea
1418 1527 1451 1566 re
1465 1525 1533 1568 cum
1547 1506 1729 1567 Boeotorum

398 1611 526 1670 concilio
540 1615 721 1668 tractaturos
736 1625 812 1680 esse,
828 1615 862 1666 ui
875 1608 914 1666 ad
929 1607 1065 1686 singulos
1079 1607 1209 1683 populos
1224 1625 1260 1666 ea
1273 1625 1321 1666 res
1335 1607 1540 1684 reiceretur1).
1566 1605 1636 1682 Quo
1650 1608 1729 1668 facio

399 1727 466 1772 cum
487 1719 518 1768 et
538 1708 675 1768 Thebani
697 1716 728 1766 et
748 1708 952 1784 Thespienses
967 1707 1061 1766 etalii
1076 1707 1197 1783 plurimi
1211 1707 1355 1770 Boeotiae
1369 1709 1474 1785 populi
1489 1708 1641 1770 Romanas
1659 1729 1727 1786 par·

398 1821 444 1872 tes
463 1811 722 1888 amplecterentur,
744 1817 805 1867 tres
823 1810 854 1866 in
869 1809 949 1887 regis
963 1809 1156 1869 Macedoniae
1178 1809 1311 1870 amicitia
1323 1802 1559 1885 permanserunt
1594 1803 1728 1895 llapradc,

398 1913 545 1991 Polybius
571 1911 614 1972 till
640 1909 689 1982 Ἢ,
713 1910 750 1981 5,
781 1899 997 1975 πονὲεινὲμινος
1022 1901 1061 1966 ἔτι
1089 1903 1166 1970 τινος
1191 1911 1247 1966 τῶν
1272 1907 1300 1965 ἕν
1322 1911 1357 1986 τῇ
1377 1903 1496 1984 Βοιωτίᾳ
1517 1901 1624 1970 πολεων
1644 1906 1725 1970 dval-

398 2011 519 2092 χεπὲπι
541 2015 592 2082 τῆς
613 2007 681 2095 πρὸς
696 2004 782 2068 adeda
804 2001 911 2070 ον’νοῖεις
925 2001 1083 2086 Ἀντίγονον
1106 2001 1291 2091 ἐξαπέστειλε
1313 2003 1360 2066 τᾶν
1373 2002 1567 2094 Ἀλεξάνδρον
1583 2005 1725 2095 πρεσβει-

397 2106 458 2184 πιζν,
483 2102 516 2172 ὃς
544 2103 593 2170 recl
619 2101 847 2194 παραγινὸμινος
873 2109 912 2170 εἰς
937 2105 1074 2170 Βοιωτοὺς
1099 2105 1153 2172 ecla
1179 2099 1227 2175 μὲν
1253 2099 1349 2171 ἄλλοις
1373 2101 1471 2172 πέλοις
1495 2114 1603 2195 παρῆκε
1625 2109 1673 2172 διὰ
1694 2110 1724 2171 ιε’

397 2206 535 2285 μηδεμίαν
566 2203 695 2294 dcccclv
726 2201 889 2276 λαμβάνειν
921 2208 1084 2281 ἐπιπλοκῆς,
1115 2211 1154 2271 εἰς
1186 2199 1216 2269 δὲ
1242 2201 1397 2294 Κορώνειαν
1423 2201 1472 2270 aul
1500 2205 1608 2283 θῆβας
1633 2205 1673 2272 ἔτι
1699 2209 1725 2272 d'

395 2308 542 2397 Ἁλίαρτον
576 2307 719 2370 εἰσελθὼν
748 2301 927 2392 ππρικιέὶιπι
953 2307 1021 2370 rade
1046 2302 1220 2394 ἀνθρώπους
1245 2303 1431 2389 ιέντὲχεπὲιιιι
1458 2316 1509 2384 τῆς
1534 2309 1602 2397 πρδς
1630 2320 1723 2374 Mona·

398 2406 484 2476 δίνας
509 2407 629 2474 εὔνοιἰις·
655 2413 712 2470 πιεῖν
742 2399 772 2468 δὲ
803 2405 961 2494 προθύμως
986 2403 1207 2488 ἀποδεχομένων
1232 2405 1270 2470 τὰ
1296 2404 1439 2488 λεγόμενα
1464 2405 1512 2471 acal
1540 2408 1726 2497 πρεσβευτὰς

397 2507 610 2596 ψηφισαμένων
636 2505 753 2584 πέμπειν
779 2513 818 2575 εἷς
843 2505 1022 2572 Μακεδονίαν
1048 2499 1129 2572 οὗτοι
1153 2499 1203 2580 μὲν
1229 2505 1404 2570 ἀπέπλευσε.
1448 2515 1486 2576 In
1512 2534 1573 2592 qno
1599 2516 1665 2576 loon
1693 2517 1724 2578 in

397 2619 592 2695 verbisquae
613 2627 684 2676 sunt
703 2605 751 2674 acl
766 2607 872 2687 Θήβας
893 2622 1022 2672 erratum
1044 2629 1111 2674 esse
1132 2611 1245 2674 dudum
1265 2613 1415 2672 intellexit
1428 2613 1637 2690 Carantonus,
1657 2637 1724 2678 cnm

352 2755 357 2766 ·
399 2721 500 2782 statim
522 2719 613 2779 addat
640 2727 744 2777 auctor
768 2717 887 2778 easdem
916 2714 1051 2774 civitates
1076 2713 1260 2790 praesidium
1286 2713 1428 2790 petivisse
1454 2735 1473 2775 a
1497 2736 1584 2795 rega,
1609 2736 1669 2795 quo
1691 2736 1724 2778 sc

399 2821 593 2881 defenderent
618 2837 637 2877 a
657 2818 810 2877 Thebanis
838 2835 874 2876 co
900 2826 1033 2892 tempore
1055 2814 1180 2874 ducibus
1202 2815 1297 2890 partis
1318 2813 1473 2876 adversae.
1515 2818 1580 2878 Iam
1602 2828 1725 2896 apparet

364 2997 368 3009 Ι
396 2925 487 2982 verba
506 2921 559 2980 illa
579 2937 639 2980 non
661 2919 788 2978 delenda
809 2935 885 2990 esse,
906 2916 937 2976 id
956 2915 1037 2992 quod
1056 2915 1168 2993 placuit
1183 2913 1374 2988 Casaubono,
1395 2917 1450 2976 sed
1463 2917 1625 2996 Polybium
1645 2927 1724 2980 recte

364 3015 367 3027 ’
397 3024 626 3101 coniungentem
649 3021 787 3080 civitates
809 3018 886 3078 duas
913 3017 1055 3076 finitimas
1079 3017 1122 3092 (p.
1137 3015 1197 3076 289
1219 3036 1249 3076 n.
1267 3015 1301 3093 3)
1322 3018 1483 3093 scripsisse
1500 3010 1548 3078 ’καὶ
1568 3011 1723 3104 Κορώνειαν

298 3189 304 3200 ,
395 3114 443 3182 ael
475 3115 601 3186 θῖοβιιε.
647 3121 727 3180 Nam
758 3138 855 3196 neque
881 3113 1015 3178 Thisbaa
1047 3118 1085 3175 ab
1117 3135 1153 3176 eo
1185 3117 1272 3177 tacite
1304 3120 1460 3194 praeteriri
1488 3130 1661 3196 potuerunt,
1693 3131 1723 3180 et

395 3223 537 3282 facillime
558 3223 636 3278 intur
660 3237 691 3277 se
714 3228 920 3292 permutantur
940 3219 1057 3278 litterae
1084 3233 1113 3278 tc
1140 3223 1170 3276 et
1191 3231 1234 3276 rc·
1279 3215 1340 3278 Sed
1366 3238 1450 3278 error
1476 3229 1523 3280 est
1550 3223 1723 3298 antiquissi-

395 3339 473 3394 mus,
495 3339 561 3379 cum
584 3319 683 3394 ipsum
704 3317 824 3383 Iaivlum
849 3319 999 3394 deceperit
1020 3319 1065 3378 aic
1086 3317 1140 3376 illa
1161 3317 1333 3378 reddentem
1355 3318 1410 3392 42,
1438 3319 1494 3392 46,
1520 3321 1553 3378 72
1585 3322 1723 3381 Boeotiae

395 3441 506 3502 qaoque
527 3423 653 3480 civitotm
674 3420 780 3498 (legati
801 3419 919 3495 Persei)
941 3431 968 3479 at
988 3419 1096 3478 Thebas
1116 3427 1142 3476 at
1168 3417 1324 3478 Coroneam
1345 3431 1371 3481 et
1390 3420 1559 3480 Haliartum
1580 3425 1723 3492 odierant,

394 3524 497 3602 paidos
517 3539 678 3597 capreosam
704 3525 801 3580 invitia
822 3522 1049 3592 existimabatur,
1075 3527 1108 3578 at
1132 3519 1232 3578 relicta
1253 3524 1334 3596 rapio
1359 3524 1491 3582 εοοίιιοιι
1511 3522 1648 3581 Romania
1670 3525 1723 3582 ad-

394 3629 585 3700 taaperenmr.
632 3621 758 3678 Thebani
778 3620 852 3676 allii
872 3623 941 3678 moti
960 3631 1035 3693 aaut,
1063 3637 1235 3696 quamquam
1253 3622 1385 3680 nonnihil
1406 3633 1433 3682 at
1453 3625 1594 3682 ἀαιιιιιιιοίι
1611 3628 1721 3700 princi·

391 3724 477 3800 pibus
500 3733 525 3782 et
544 3723 681 3780 rectitatis
702 3719 830 3778 malibus
852 3721 1050 3782 sacceamhaot
1069 3721 1216 3784 Romania.
1254 3720 1396 3780 Coronaei
1415 3733 1442 3782 et
1456 3722 1602 3782 Haliartii
1616 3726 1723 3798 fucore

394 3827 517 3902 qaedam
543 3827 629 3882 insito
656 3826 791 3898 inrepat
819 3821 927 3897 lapatoe
953 3825 985 3878 in
1005 3822 1206 3880 Macedoniam
1231 3825 1367 3882 misaam
1386 3825 1566 3899 praesidium
1588 3835 1721 3900 petentes,

393 3946 449 4004 qao
476 3945 506 3986 aa
532 3926 671 3984 aduersus
696 3927 870 3998 impetentem
897 3922 1059 3997 superbiam
1088 3921 1282 3980 dhedaaoram
1309 3926 1383 3979 tueri
1405 3927 1524 3997 possiet
1543 3907 1546 3914 ¹
1568 3925 1607 3983 Id
1631 3926 1723 4004 igitur

393 4029 492 4104 ipsum
514 4027 594 4104 quod
615 4023 694 4104 apud
709 4023 869 4099 Polybium
891 4039 947 4080 nos
968 4021 1108 4098 legimus,
1129 4023 1219 4080 etiam
1233 4021 1339 4081 Livius
1360 4021 1441 4099 legit,
1464 4025 1545 4100 quod
1566 4043 1633 4084 cum
1654 4045 1722 4102 per-

393 4147 512 4188 versum
534 4145 603 4187 esse
624 4123 815 4202 perspiceret,
838 4129 871 4180 ut
891 4122 992 4198 aliquo
1015 4122 1102 4180 modo
1123 4139 1190 4181 sese
1211 4123 1376 4200 expediret,
1402 4125 1605 4184 narrationem
1625 4125 1667 4184 ita
1687 4134 1723 4184 ut

393 4231 522 4290 vidimus
543 4227 720 4298 immutarit,
746 4240 818 4283 usne
841 4221 888 4282 vel
909 4222 1011 4299 potius
1033 4221 1146 4281 abusus
1166 4223 1205 4280 iis
1221 4222 1304 4300 'quaa
1326 4223 1363 4281 da
1384 4222 1597 4286 Thebanorum
1617 4225 1722 4284 factio·

392 4332 479 4406 nibus
500 4327 604 4408 paullo
625 4333 693 4385 ante
714 4333 915 4402 exposuerat..

472 4429 558 4490 Haec
579 4427 659 4486 facta
685 4433 755 4484 sunt
775 4424 872 4482 hieme
893 4442 920 4481 a
943 4443 972 4483 n.
994 4441 1020 4482 c.
1043 4421 1146 4484 582l3.
1189 4422 1307 4483 Bellum
1328 4424 1435 4484 deiude
1456 4443 1524 4485 cum
1545 4428 1722 4503 exarsisset,

394 4529 485 4588 classi
512 4525 683 4604 praefectus
711 4523 747 4583 C.
775 4522 936 4583 Lucretius
962 4533 1085 4602 praetor
1110 4541 1214 4583 mense
1237 4523 1326 4583 Iunio
1353 4524 1434 4600 (Liv.
1464 4523 1515 4599 42,
1542 4526 1591 4599 st,
1619 4527 1653 4604 3)
1681 4545 1722 4588 ex

393 4629 483 4689 Italia
511 4627 542 4685 in
567 4625 697 4684 insulam
724 4621 949 4700 Cephalleniam
975 4625 1127 4702 profectus
1152 4625 1222 4684 inde
1247 4624 1369 4684 fratrem
1395 4625 1530 4684 Marcum
1551 4644 1619 4686 cum
1639 4629 1722 4688 uari-

391 4731 448 4792 bus
463 4727 637 4790 Chalcidem
658 4725 749 4796 misit,
772 4723 896 4784 andeis
917 4725 949 4782 in
969 4723 1127 4784 Boeotiam
1149 4727 1304 4802 ingressus
1326 4727 1428 4802 copias
1441 4725 1613 4786 Haliartum
1634 4727 1724 4788 duxit

392 4832 441 4892 ad
457 4829 600 4910 oppidum
626 4826 868 4904 oppugnandum.
912 4825 985 4902 Ipse
1010 4834 1130 4902 praetor
1156 4845 1223 4886 cum
1250 4845 1311 4886 una
1336 4827 1449 4884 triremi
1478 4845 1497 4884 a
1523 4824 1725 4908 Cephallenia

391 4933 528 4992 breviore
549 4931 599 4992 via
619 4947 673 5007 per
694 4927 792 4987 sinum
815 4924 1038 4987 Corinthiacum
1062 4928 1093 4986 in
1115 4927 1272 4988 Boeotiam
1291 4928 1445 5006 ingressus
1468 4925 1613 4992 Creusam
1640 4929 1725 4988 venit

469 5233 1258 5299 oummmmamaamuammmm
