3858 5960
487 1205 559 1314 De
597 1197 912 1336 quorundam
949 1192 1292 1306 aedituorum
1328 1191 1645 1330 publicorum

777 1367 921 1481 urbis
957 1367 1145 1479 Romae
1181 1363 1365 1479 titulis.

968 1653 1171 1663 ———.

1057 1847 1083 1904 l.

489 1967 526 2026 Iu
552 1966 753 2044 topographia
778 1966 862 2023 urbis
883 1965 999 2023 Romae
1024 1965 1062 2022 de
1082 1963 1188 2040 paucis
1207 1963 1299 2021 rebus
1320 1961 1526 2020 vehementius
1547 1959 1733 2036 disputatum

407 2076 456 2128 est
479 2085 571 2142 quam
598 2066 635 2124 de
661 2065 778 2124 duobus
799 2065 860 2122 illis
882 2065 1002 2140 templis
1024 2065 1101 2122 inter
1121 2062 1304 2140 Capitolium
1325 2069 1356 2121 et
1376 2063 1474 2121 forum
1494 2061 1665 2120 Romanum
1685 2059 1734 2118 vel

407 2167 564 2228 basilicam
577 2167 685 2224 Iuliam
706 2166 784 2237 sitis,
805 2183 932 2241 quorum
951 2165 1031 2223 baud
1053 2183 1165 2242 parrae
1186 2165 1331 2240 reliquiae
1351 2171 1522 2240 supersunt.
1559 2159 1635 2220 (lum
1654 2160 1734 2218 euim

408 2268 535 2326 alterum
549 2284 619 2325 esse
633 2264 766 2336 Saturni,
788 2266 914 2324 alterum
929 2265 1111 2342 Vespasiani
1126 2272 1287 2337 constaret,
1309 2271 1407 2324 utrum
1422 2260 1614 2340 Vespasiani,
1635 2270 1734 2320 utrum

409 2365 531 2428 Saturni
552 2376 632 2426 essct
652 2366 769 2426 diverse
785 2367 964 2426 iudicarunt.
1000 2365 1061 2428 Sed
1076 2385 1116 2424 ex
1134 2366 1236 2424 multis
1250 2365 1350 2436 rebus,
1365 2365 1473 2441 quibus
1488 2365 1520 2422 in
1533 2363 1735 2438 disputatione

408 2468 457 2527 usi
478 2474 557 2540 sunt,
578 2485 639 2527 una
660 2467 777 2526 videtur
798 2467 937 2526 sufficere
957 2467 998 2524 ad
1018 2467 1225 2542 quaestionem
1247 2466 1432 2526 solvendam.
1476 2461 1537 2537 Qui
1557 2463 1635 2522 enim
1656 2463 1736 2522 tituli

408 2569 440 2626 in
461 2568 582 2645 templis
603 2568 692 2626 incisi
711 2567 837 2639 tuerint,
861 2567 900 2626 iis
921 2586 998 2644 quae
1020 2587 1100 2626 nunc
1121 2576 1285 2645 supersunt
1303 2575 1335 2626 et
1354 2585 1431 2644 quae
1451 2565 1523 2624 olim
1545 2573 1651 2624 auctor
1671 2563 1736 2622 ido-

408 2686 482 2728 neus
502 2669 577 2746 legit
598 2668 779 2744 comparatis
802 2677 862 2726 tam
884 2677 1022 2728 accurate
1043 2670 1183 2746 cognosci
1203 2675 1312 2746 potest,
1337 2677 1372 2726 ut
1392 2667 1429 2727 de
1450 2666 1630 2743 templorum
1651 2665 1734 2741 ipso·

407 2787 475 2826 rum
495 2769 665 2828 nominibus
686 2768 882 2828 diiudicatum
904 2769 952 2828 sit

491 2869 691 2928 Interiorum
711 2869 880 2928 Romanum
902 2879 933 2928 et
947 2867 1130 2947 Capitolium
1152 2870 1211 2929 tria
1230 2870 1352 2928 omnino
1373 2869 1493 2928 inerunt
1512 2867 1638 2944 templa3
1660 2865 1735 2940 eius,

408 2968 490 3045 quod
516 2970 687 3045 proximum
712 2969 770 3028 fuit
795 2969 939 3028 basilicae
967 2970 1078 3042 Iuliae,
1100 2979 1263 3048 supersunt
1288 2978 1360 3046 octo⁴
1377 2969 1548 3040 columnae,
1573 2967 1660 3028 iuxta
1679 2967 1737 3025 fuit

408 3068 485 3128 illud
505 3070 591 3128 cuius
612 3089 690 3129 nuuc
712 3077 793 3128 stant
813 3079 875 3128 tres
897 3070 1068 3141 columnae,
1095 3071 1127 3130 id
1151 3071 1270 3148 excepit
1290 3071 1432 3147 templum
1453 3069 1541 3128 cuius
1562 3087 1641 3128 nunc
1661 3067 1735 3126 nibil

410 3179 548 3247 superest
568 3171 627 3228 nisi
646 3171 849 3230 fundamenta.
884 3170 984 3244 Atque
1004 3171 1062 3228 hoc
1083 3171 1204 3246 quidem
1219 3170 1405 3231 Concordiae
1427 3189 1544 3230 sacrum
1558 3169 1652 3228 fuisse
1667 3187 1737 3227 con·

410 3278 482 3340 stat,
503 3269 622 3328 illorum
636 3271 763 3328 alterum
780 3268 920 3342 Saturno,
942 3269 1069 3328 alterum
1081 3270 1279 3348 Vespasiano.
1315 3271 1353 3329 Iu
1367 3289 1402 3330 eo
1417 3277 1525 3342 autem,
1544 3271 1626 3346 quod
1639 3270 1736 3348 primo

410 3369 479 3428 loco
499 3369 603 3447 posui,
627 3371 778 3448 zophorus
802 3365 951 3447 lrontis¹)
978 3372 1093 3447 integer
1114 3381 1252 3448 superest
1270 3372 1302 3430 in
1323 3389 1419 3448 eoque
1440 3371 1536 3431 incisa
1557 3378 1626 3430 suut
1646 3371 1747 3429 baccr'

787 3505 923 3548 SENATVS
939 3517 946 3533 ·
962 3503 1166 3562 POPVLVSQOE
1181 3519 1189 3534 ·
1205 3505 1358 3549 Romactvs

788 3605 939 3650 tricennio
947 3619 954 3634 ·
964 3604 1196 3650 CONSVMPTVM·
1204 3605 1360 3650 Rssrttvtr

411 3705 461 3763 Ex
483 3705 605 3766 alterius
625 3705 722 3765 fronte
743 3715 881 3784 superest
901 3709 1027 3784 zopbcri
1048 3729 1085 3768 ea
1104 3725 1175 3787 pars
1196 3727 1272 3785 quae
1292 3707 1349 3767 fuit
1361 3725 1453 3784 supra
1470 3717 1635 3768 extremum
1648 3706 1737 3766 inter-

412 3779 593 3864 columniuni
612 3808 644 3865 in
658 3825 751 3884 eaque
765 3809 880 3869 incisae
895 3819 965 3870 sunt
977 3811 1094 3870 litterae
1109 3825 1258 3868 ssrrrvsa.
1294 3809 1337 3867 At
1352 3809 1403 3885 qui
1419 3808 1539 3868 saeculo
1553 3809 1616 3867 tare
1631 3815 1737 3866 octavo

412 3915 670 3967 monumentorum
695 3910 779 3969 urbis
798 3909 913 3970 Romae
938 3910 1042 3969 titulos
1069 3909 1228 3986 descripsit
1246 3909 1329 3985 ipses
1350 3907 1528 3986 templorum
1550 3908 1671 3967 illorum
1692 3907 1737 3966 in-

413 4008 594 4082 scriptiones
615 4009 792 4087 integriores
807 4011 894 4084 vidit3
916 4011 949 4070 in
970 4011 1072 4071 codice
1094 4009 1172 4068 enim
1192 4011 1256 4069 eius
1269 4009 1471 4069 Einsiedlensi
1487 4009 1531 4069 sic
1545 4009 1737 4068 exhibentur:

412 4110 443 4166 in
468 4109 609 4184 Capitolio
631 4109 678 4186 (1)
699 4125 839 4169 ssuarvs
858 4125 1042 4183 roevuvsq·
1055 4126 1208 4171 nouauvs
1228 4125 1380 4170 rucsumo
1400 4125 1618 4170 cousvraervra
1638 4125 1738 4168 assrr-

412 4223 483 4266 rvrr
503 4207 549 4284 (a)
565 4225 641 4270 urvo
653 4225 844 4270 vssrasmuo
855 4224 1001 4270 avovsro
1017 4225 1051 4267 s·
1065 4227 1080 4267 r
1092 4239 1099 4253 ·
1112 4227 1153 4282 q·
1167 4227 1186 4269 u
1206 4209 1253 4286 (3)
1265 4227 1335 4270 ruer
1347 4240 1354 4254 ·
1367 4224 1458 4270 casas
1471 4238 1478 4254 ·
1490 4225 1622 4268 ssvsavs
1634 4225 1669 4266 rr
1678 4225 1738 4266 au-

414 4322 554 4366 roruuvs
566 4337 574 4353 ·
587 4326 624 4368 ru
639 4325 738 4370 rsurc·
751 4327 814 4370 svo
829 4325 1073 4370 ursrrrvsavur·
1097 4310 1143 4388 (4)
1158 4325 1192 4368 s·
1205 4327 1239 4368 r·
1252 4327 1294 4384 Q‚·
1307 4328 1340 4369 a·
1351 4327 1455 4370 sensu
1468 4324 1670 4370 coucouoras
1684 4325 1739 4367 vs-

415 4423 551 4466 rvsrsrs
569 4424 753 4469 cotinusam
771 4427 804 4468 ur
823 4425 985 4470 mucronata
1002 4426 1113 4470 ructare
1127 4427 1223 4471 orsus
1239 4427 1275 4468 ετ
1291 4425 1393 4470 cvurv
1407 4425 1628 4471 seusuurntous
1643 4424 1737 4467 assu·

416 4520 573 4564 rvsnvur.
609 4507 694 4568 Haec
713 4510 883 4586 quicunque
905 4511 953 4569 vel
974 4510 1154 4570 mediocrem
1174 4511 1296 4590 linguae
1316 4509 1443 4569 Latinae
1464 4510 1619 4569 scientiam
1639 4508 1741 4580 habet,

416 4602 504 4663 facile
529 4606 675 4683 intellegit
701 4618 839 4669 constare
861 4630 900 4669 ex
921 4617 1063 4687 quattuor
1084 4610 1343 4687 inscriptionibus,
1370 4627 1446 4687 quas
1467 4609 1599 4669 numeris
1618 4607 1742 4667 insertis

417 4703 550 4764 distinxi.
592 4706 693 4782 Atque
720 4709 853 4768 ultimam
879 4710 998 4786 quidem
1026 4718 1138 4769 certum
1166 4719 1214 4770 est
1241 4710 1336 4770 fuisse
1362 4710 1395 4768 iu
1421 4709 1487 4769 eius
1508 4708 1613 4785 templi
1633 4709 1741 4782 fronte,

417 4804 503 4862 cuius
531 4824 610 4864 nuuc
637 4806 830 4868 baudementa
855 4819 972 4869 tantum
998 4819 1173 4886 supersunt3
1201 4811 1300 4888 prima
1327 4815 1411 4868 extat
1437 4809 1469 4866 in
1494 4808 1628 4886 zophoro
1657 4806 1741 4865 aedis

417 4911 486 4963 octo
512 4905 717 4966 columnarum
724 4927 733 4979 ς
759 4910 878 4969 tertiam
904 4910 1000 4970 fuisse
1026 4911 1059 4969 in
1079 4911 1212 4987 zophoro
1233 4909 1317 4971 aedis
1337 4909 1427 4968 trium
1448 4907 1651 4969 columnarum
1671 4905 1740 4963 ideo

495 5125 519 5187 ¹)
546 5128 611 5179 Esse
635 5129 746 5180 frontem
769 5145 822 5181 non
840 5131 964 5195 posticam
983 5144 1040 5181 cum
1060 5129 1124 5182 alias
1143 5131 1177 5182 ob
1195 5145 1236 5184 res
1254 5130 1389 5198 probabile
1407 5135 1445 5181 est
1463 5135 1517 5179 tum
1536 5127 1596 5179 ideo
1615 5124 1684 5192 quod
1702 5124 1742 5174 iu·

419 5216 513 5280 scripta
530 5224 577 5269 cst.
