3750 5990
536 610 834 665 oasauvsmouss
850 611 969 664 amca.
984 611 1047 662 xv.
1381 595 1454 666 297

132 799 172 838 aa
191 801 256 840 vara
278 793 305 840 ct
323 784 460 858 quamdiu
485 791 526 841 cat
551 786 581 840 ia
607 782 796 858 mapistrota?
824 782 875 842 aad
894 785 989 840 varim
1014 793 1070 852 est,
1098 785 1125 840 si
1144 786 1171 840 is
1191 785 1380 860 magistratus
1405 795 1456 857 eat,

133 884 184 956 qai
204 885 265 940 aas
278 885 390 958 fraude
409 887 440 941 ia
461 887 506 942 ius
527 887 627 944 vocari
646 901 703 941 noa
721 891 823 958 potest,
846 883 1047 958 expectandam
1068 899 1142 954 ease,
1169 885 1266 958 quoad
1289 888 1459 962 mapistrata

133 982 225 1042 abeat.
268 981 375 1058 Itaque
396 985 423 1042 si
452 983 593 1042 mulieres
619 983 677 1040 bae
698 979 733 1042 0.
754 981 928 1041 Lucretium
953 991 1023 1059 post
1047 983 1205 1060 imperium
1231 982 1400 1061 depositum
1426 985 1458 1044 iu

135 1081 183 1138 ius
204 1081 380 1141 eduxissent
400 1083 437 1141 ad
460 1092 628 1158 praetorem
647 1082 836 1160 peregrinum
857 1081 1032 1140 iniuriarum
1052 1083 1173 1142 nomine
1194 1090 1224 1141 et
1244 1085 1458 1160 recuperatori·

135 1179 193 1240 bus
213 1181 252 1240 ab
273 1201 310 1241 eo
332 1191 469 1258 praetore
498 1184 556 1242 sibi
583 1181 662 1241 datis
684 1182 805 1257 planum
826 1181 968 1240 fecissent
993 1185 1166 1242 contraius
1188 1183 1259 1242 dolo
1280 1184 1360 1242 malo
1381 1203 1400 1242 a
1422 1183 1458 1243 G.

135 1279 277 1340 Lucretio
299 1300 332 1340 se
345 1284 376 1340 in
391 1301 539 1342 carcerem
554 1282 704 1342 coniectae
723 1299 789 1340 esse
810 1282 923 1340 aliasve
944 1282 1070 1341 iniurias
1090 1283 1245 1360 passasl),
1267 1284 1459 1342 condemnari

133 1399 216 1438 rcum
243 1383 383 1458 oportuit.
425 1382 605 1440 Iniuriarum
631 1387 729 1440 autem
755 1381 830 1439 iuris
850 1383 961 1457 privati
982 1383 1128 1442 actionem
1154 1384 1228 1442 iuris
1250 1383 1377 1443 consulti
1398 1403 1459 1442 non

134 1481 275 1555 ignorant
295 1481 443 1558 duplicem
464 1482 567 1554 luisse,
593 1481 718 1540 alteram
738 1481 911 1556 legitimam,
933 1501 1059 1559 poenam
1081 1482 1240 1542 habentem
1264 1493 1318 1542 aut
1338 1481 1460 1541 talionis

135 1588 187 1638 aut
207 1581 351 1656 pecuniae
373 1591 482 1654 certae,
504 1581 629 1640 alteram
650 1582 786 1640 moribus
807 1581 1004 1642 introductam
1026 1581 1127 1656 (Paul.
1143 1589 1219 1642 seut.
1241 1601 1300 1644 rec.
1324 1585 1352 1656 5,
1374 1584 1404 1653 4,
1427 1582 1461 1658 7)

135 1685 165 1736 et
191 1681 297 1739 deiude
323 1683 354 1739 in
378 1682 507 1740 edictum
534 1681 681 1757 praetoris
702 1695 851 1757 receptam
873 1682 1116 1742 aestimatoriam.
1158 1683 1208 1742 Ita
1230 1681 1325 1744 Gaius
1348 1683 1377 1756 3,
1401 1681 1462 1740 224

134 1789 293 1854 postquam
324 1781 361 1840 dc
393 1781 447 1840 illa
477 1783 555 1840 dixit
579 1783 622 1840 ita
647 1783 757 1858 pergit:
790 1783 841 1841 aad
864 1800 939 1841 auae
964 1784 1024 1840 alio
1050 1786 1113 1841 iare
1138 1787 1257 1842 utimarz
1286 1787 1464 1859 permittitur

135 1882 208 1936 caim
221 1880 303 1938 uobis
317 1901 336 1938 a
346 1889 483 1956 praetore
503 1885 575 1958 ipsis
588 1885 729 1941 iniuriam
744 1887 893 1941 audiuere
913 1890 944 1942 et
961 1900 1038 1958 quae
1058 1893 1230 1959 sequuntur.
1274 1881 1465 1960 Quapropter

135 1979 214 2037 actio
235 1980 447 2039 determinatur
472 1981 504 2038 in
525 1989 647 2042 senatus
668 1983 806 2042 consulto
833 1983 943 2042 additis
967 1982 1067 2042 verbis
1088 1973 1133 2040 iri
1154 1975 1257 2062 ἀξίαν,
1280 1987 1312 2041 ia
1332 1987 1463 2042 naama-

136 2081 245 2138 tioaem.
287 2081 362 2140 lude
387 2081 580 2141 iureconsulti
608 2101 790 2159 quamquam
816 2083 853 2141 de
879 2084 948 2158 ipsa
967 2101 1001 2142 re
1021 2083 1097 2144 nihil
1118 2083 1285 2156 addiscent,
1313 2081 1465 2158 quantivis

135 2177 247 2237 facient
268 2180 324 2238 hoc
349 2181 489 2240 didicisse
515 2183 661 2240 actionem
682 2183 856 2242 iniuriarum
883 2183 1117 2242 aestimatoriam
1143 2183 1211 2260 ipso
1239 2181 1359 2243 saeculo
1381 2183 1464 2241 urbis

135 2286 223 2337 sexto
248 2279 279 2336 in
308 2298 365 2338 usu
390 2281 493 2340 iuuisse.
541 2281 654 2341 Rerum
683 2290 781 2342 autem
808 2282 1010 2342 Romanarum
1037 2283 1165 2343 studiosi
1189 2285 1233 2342 ita
1257 2285 1465 2344 confirmatum

135 2377 296 2452 habebunt,
322 2381 404 2456 quod
433 2381 545 2440 dudum
566 2399 658 2441 nosse
684 2391 837 2462 poterant,
865 2384 918 2442 sed
943 2383 1137 2444 nihilominus
1164 2383 1250 2444 multi
1275 2383 1464 2460 ignorabant,

135 2477 256 2538 licuisse
277 2480 435 2556 unicuique
456 2483 519 2542 sive
540 2482 600 2544 civi
621 2483 685 2542 sive
705 2482 864 2562 peregrino
885 2483 1093 2560 magistratum
1115 2493 1237 2558 propter
1257 2483 1306 2554 id,
1334 2483 1413 2559 quod
1434 2483 1465 2540 in

135 2579 312 2656 magistratu
326 2582 534 2654 commisisset,
555 2584 587 2640 in
606 2583 654 2642 ius
668 2601 777 2642 vocare
798 2591 831 2642 ut
844 2583 904 2642 alio
918 2583 1030 2642 iudicio
1043 2581 1173 2656 privato,
1195 2583 1239 2640 ita
1259 2580 1332 2639 furti
1346 2599 1466 2658 quoque

57 2661 60 2666 ¹
136 2683 167 2734 et
186 2677 371 2738 iniuriarum.
409 2678 491 2753 Quid
511 2681 593 2756 quod
612 2682 753 2742 universa
771 2683 1003 2758 repetundarum
1020 2681 1157 2756 quaestio
1179 2687 1246 2740 orta
1266 2689 1314 2740 est
1334 2701 1373 2740 ex
1394 2681 1467 2739 furti

136 2776 254 2836 actione
280 2778 329 2837 vel
349 2779 450 2856 potius
476 2798 515 2838 ex
542 2780 727 2840 condictione
747 2783 861 2842 furtiva
885 2781 959 2840 iuria
980 2781 1100 2858 privati.
1126 2811 1165 2822 —
1194 2777 1323 2842 Senatus
1344 2787 1378 2840 ut
1398 2800 1466 2858 per-

136 2875 235 2936 mittat
255 2877 401 2937 eiusmodi
422 2880 570 2938 actionem
591 2881 754 2954 intendere,
780 2899 853 2940 sane
873 2880 954 2955 leges
974 2898 1036 2940 non
1056 2880 1221 2957 requirunt;
1249 2880 1302 2939 sed
1328 2882 1467 2957 quitum

136 2986 202 3035 erat
222 2983 320 3049 status
336 2980 381 3038 rei
395 2979 516 3055 publica
528 2979 693 3051 Romanae,
714 2979 862 3040 eiusmodi
875 2979 1044 3038 consultum
1057 2980 1118 3039 nisi
1131 2981 1354 3059 praecessisset,
1375 2981 1467 3042 bomo

136 3077 312 3153 peregrinus
337 3097 421 3138 reum
449 3080 563 3138 ordinis
593 3079 735 3138 senatorii
760 3079 791 3138 ia
815 3079 958 3138 iudicium
980 3080 1148 3139 vocavisset
1169 3099 1236 3139 cum
1258 3098 1315 3138 sua
1334 3082 1468 3158 pernicie

137 3179 238 3253 potius
259 3195 349 3254 quam
369 3179 462 3239 illins.
506 3179 603 3240 Plane
628 3179 765 3238 similiter
786 3197 865 3238 anno
886 3179 1082 3257 praecedente
1102 3179 1233 3255 Hispani
1254 3181 1318 3239 nixi
1339 3181 1467 3258 genibus

137 3279 175 3336 ab
201 3287 306 3336 senatu
331 3281 493 3356 petierant,
520 3287 553 3339 ut
580 3279 617 3338 dc
638 3279 772 3357 pecuniis
793 3282 890 3356 captis
910 3287 1077 3357 praetorem
1102 3279 1134 3340 in
1156 3281 1203 3340 ius
1226 3299 1333 3340 vocare
1354 3281 1467 3354 liceret,

137 3377 228 3453 idque
249 3397 317 3436 cum
338 3381 592 3458 impetravissent,
614 3383 875 3458 recuperatoribus
890 3382 1017 3456 sumptis
1039 3399 1108 3438 eum
1122 3379 1299 3438 damnarant
1319 3379 1399 3456 (Lis.
1416 3381 1467 3454 43,

139 3475 181 3552 2).
205 3511 243 3522 -
268 3479 320 3536 Ad
341 3478 376 3539 Ο.
398 3479 571 3540 Lucretium
593 3487 627 3539 ut
646 3481 815 3552 redeamus,
837 3498 898 3556 quo
919 3489 1053 3557 tempore
1074 3481 1132 3538 hoc
1154 3479 1468 3538 senatusconsultum

42 3567 45 3572 ’
137 3577 317 3652 factumest,
338 3597 441 3640 mense
456 3580 581 3640 Octobri
596 3599 624 3638 a.
640 3579 700 3639 584
715 3581 826 3639 dudum
845 3581 872 3636 is
894 3599 934 3638 ex
947 3580 1125 3640 Macedonia
1137 3579 1282 3652 redierat;
1303 3597 1373 3639 nam
1386 3581 1467 3639 iusto

139 3685 273 3754 tempore
288 3697 494 3740 successorem
514 3679 630 3754 accepit
649 3697 704 3737 nec
718 3677 873 3755 probabile
888 3687 935 3738 est
952 3687 1023 3754 post
1043 3680 1111 3738 idus
1126 3681 1252 3740 Martias
1271 3700 1298 3739 a
1314 3681 1384 3753 584,
1407 3699 1467 3757 quo

138 3778 295 3852 imperium
315 3780 431 3837 finitum
453 3787 526 3850 erat,
555 3779 607 3836 diu
628 3795 771 3854 cumpro
792 3787 929 3854 praetore
951 3779 1044 3862 plassi
1064 3779 1242 3853 praefuisse.
1284 3779 1345 3840 Sed
1365 3782 1468 3857 ipsum
1517 3763 1526 3770 ⁸

138 3876 260 3936 Livium
275 3894 367 3954 supra
381 3877 510 3936 vidimus
524 3877 636 3936 referre
650 3877 836 3953 aliquamdiu
857 3897 924 3937 eum
939 3877 1065 3936 latuisse
1079 3877 1164 3934 Antii
1181 3879 1258 3936 salso
1278 3887 1467 3952 excusatum,

139 3985 291 4052 tamqnam
312 3978 357 4036 rei
377 3977 516 4054 publicae
537 3995 631 4038 causa
651 3978 789 4049 abesset,
816 3987 848 4037 et
867 3987 1026 4055 eapropter
1048 3985 1185 4038 senatum
1206 3994 1327 4074 cauum
1349 3976 1468 4037 Chalci-

139 4077 277 4136 densium
298 4078 468 4156 ampliasse,
490 4079 585 4138 doncc
599 4078 727 4138 adesset.
761 4075 846 4150 Quae
867 4078 969 4136 omnia
988 4078 1079 4136 etiam
1100 4077 1139 4136 ad
1153 4077 1374 4138 Thisbaeorum
1395 4094 1467 4152 que-

139 4181 283 4244 rimoniac
304 4187 384 4239 recte
404 4179 569 4240 referemus
590 4181 657 4238 sine
677 4178 768 4238 dubio
790 4179 879 4237 simul
899 4177 963 4236 fere
982 4185 1135 4237 tractatas.

220 4279 328 4357 Capite
348 4280 462 4339 decimo
484 4281 527 4356 (v.
550 4280 688 4356 53-56)
713 4279 812 4356 agitur
833 4280 870 4338 de
891 4279 1034 4337 socictate
1054 4277 1195 4337 frumenti
1220 4283 1261 4350 et,
1287 4283 1320 4336 ut
1340 4278 1467 4352 videtur,

140 4380 210 4451 olei,
233 4399 311 4456 quae
332 4380 492 4440 Thisbacis
512 4381 604 4440 fuerit
624 4399 691 4440 cum
713 4377 819 4439 Gnaeo
843 4379 962 4438 homine
983 4377 1168 4450 Pandosino,
1189 4377 1221 4435 id
1241 4385 1353 4450 est,·ut
1374 4395 1468 4453 supra

140 4501 170 4559 p.
186 4481 246 4541 289
262 4479 400 4555 vidimus,
416 4481 531 4541 Italico.
566 4481 701 4544 Societas
714 4499 751 4540 ea
767 4480 849 4557 (uam
871 4479 933 4537 alia
950 4495 998 4538 res
1012 4477 1158 4537 vocabulo
1173 4479 1253 4554 quod
1274 4485 1321 4537 est
1340 4470 1468 4536 κοινωνία

142 4582 304 4662 significari
328 4601 388 4640 non
409 4582 520 4659 potuit)
541 4583 611 4642 talis
632 4583 695 4641 fere
715 4581 782 4652 suit,
805 4579 925 4657 qualem
944 4579 1086 4639 describit
1105 4577 1255 4656 Ulpianus
1277 4579 1350 4656 (dig.
1373 4579 1422 4651 17,
1437 4577 1466 4637 2.

143 4683 194 4756 52,
214 4683 258 4760 2),
279 4683 329 4742 ubi
351 4701 453 4760 apuam
468 4683 589 4760 politori
610 4685 711 4746 ἀαιηιιι
732 4685 764 4739 ia
785 4699 926 4741 commane
947 4682 1117 4756 quaerendis
1131 4679 1291 4758 sructibas3
1314 4698 1392 4756 quae
1412 4697 1467 4755 po-

141 4785 262 4843 litiones
276 4785 427 4861 quomodo
449 4783 513 4844 fieri
535 4783 671 4856 debeant,
693 4780 769 4841 Cato
784 4781 821 4842 de
841 4801 874 4842 re
887 4789 962 4841 rust.
979 4781 1047 4840 136.
1066 4780 1123 4839 137
1146 4789 1268 4840 enamat
1282 4780 1333 4856 (cl.
1347 4779 1467 4838 Plinius

222 5095 245 5159 ¹)
270 5097 313 5148 De
330 5103 418 5161 stupro
436 5097 578 5150 Foucartns
596 5097 702 5163 cogitat,
720 5108 804 5160 neque
822 5093 850 5146 id
867 5093 1021 5145 iniuriamne
1039 5093 1139 5146 actione
1157 5107 1211 5146 non
1230 5089 1468 5158 comprehenditur,

145 5187 190 5238 sed
210 5203 254 5240 cur
272 5188 305 5240 de
323 5203 354 5240 ea
371 5189 465 5240 iniuria
483 5191 644 5254 potissimum
663 5187 811 5254 cogitemus,
831 5200 909 5239 causa
927 5184 999 5237 nulla
1016 5190 1062 5236 est.
