3812 5960
367 576 415 645 34
893 587 1164 639 appreensum

365 693 517 702 ——---——

367 765 451 823 Haec
479 765 506 822 si
532 764 575 820 ita
600 779 632 820 se
659 760 781 830 babent,
809 757 1007 817 Germanicus
1033 775 1156 816 necesse
1182 765 1228 814 est
1254 758 1417 831 imperator
1443 757 1572 833 primum
1599 758 1695 816 dictus

367 867 406 924 sit
428 867 566 940 Augusto
587 863 657 920 vivo
686 871 716 918 et
740 859 916 918 acclamatio
943 860 1014 916 anni
1036 877 1063 933 p.
1080 855 1152 920 cur.
1171 858 1224 928 14,
1254 858 1290 916 de
1312 876 1372 932 qua
1394 857 1542 930 diximus,
1570 857 1607 916 ad
1629 859 1695 916 sius

367 967 489 1023 lionoris
510 964 697 1022 iterationem
720 961 903 1038 pertinuerit.

449 1067 586 1122 Aetatem
613 1073 691 1120 recte
717 1061 852 1118 definivit
878 1060 1041 1117 Henzenus
1068 1059 1180 1116 includi
1208 1059 1285 1116 inter
1312 1077 1339 1116 a.
1356 1058 1430 1129 742,
1459 1079 1518 1136 quo
1540 1061 1697 1136 Augustus

368 1167 504 1243 pontifex
531 1164 679 1221 maximus
701 1161 797 1218 iactus
821 1171 881 1231 est,
910 1169 939 1217 et
961 1159 1019 1216 767
1038 1184 1074 1208 =
1095 1159 1132 1216 14
1148 1179 1176 1234 p.
1194 1156 1280 1228 Oba,
1308 1177 1368 1234 quo
1390 1159 1468 1216 diem
1490 1159 1573 1218 obiit.
1617 1158 1697 1218 Nam

366 1267 442 1325 illud
468 1264 666 1324 sacerdotium
689 1266 829 1337 Augusto
855 1259 995 1318 tribuitur
1023 1261 1054 1317 in
1080 1259 1167 1317 lastis
1193 1259 1231 1316 ad
1257 1257 1339 1334 Sept.
1365 1258 1402 1316 13
1430 1261 1573 1336 scriptum
1600 1262 1698 1337 prima

366 1386 472 1438 manu3
502 1375 607 1423 contra
632 1364 741 1422 absunt
768 1383 787 1421 a
814 1361 918 1420 diebus
941 1359 1009 1420 Oct.
1026 1357 1131 1417 3-12
1158 1359 1221 1416 ludi
1243 1359 1312 1417 divo
1334 1363 1472 1436 Augusto
1494 1369 1524 1418 et
1545 1360 1699 1419 Fortunae

368 1467 482 1524 Reduci
504 1465 633 1524 instituti
656 1463 775 1539 quidem
798 1471 899 1531 antea,
927 1461 979 1519 scd
1000 1461 1030 1518 in
1053 1459 1148 1517 fastos
1169 1459 1256 1534 relati
1278 1469 1437 1536 postquam
1459 1463 1597 1520 excessit.
1640 1467 1697 1520 Ac·

366 1569 445 1625 cedit
466 1567 545 1642 quod
562 1568 728 1642 Augustus,
750 1564 930 1638 ubicumque
951 1561 1129 1632 nominatur,
1151 1579 1247 1636 neque
1271 1562 1358 1620 divus
1382 1563 1490 1619 dicitur
1506 1579 1602 1637 neque
1617 1562 1698 1620 nudo

366 1670 499 1736 nomine,
528 1667 580 1724 sed
606 1675 657 1724 aut
685 1669 751 1740 imp.
776 1665 885 1722 Caesar
912 1659 1015 1737 (Sept.
1032 1661 1064 1736 2)
1093 1671 1145 1718 aut
1167 1661 1276 1719 Caesar
1296 1662 1445 1737 Augustus
1468 1661 1570 1740 (Sept.
1587 1663 1621 1738 3)
1647 1673 1699 1722 aut

366 1774 432 1844 imp.
461 1769 570 1826 Caesar
595 1767 744 1841 Aupuatua
767 1751 899 1840 pontisas
927 1767 1066 1820 tacuimus
1096 1759 1197 1838 (Sept.
1217 1761 1287 1837 23),
1317 1773 1349 1820 ut
1378 1763 1472 1821 fastos
1500 1765 1551 1838 qui
1579 1765 1699 1841 scripsit

366 1887 507 1927 exarasse
532 1867 666 1924 videatur
687 1885 722 1923 eo
745 1865 898 1923 etiamtum
922 1863 997 1919 vivo.
1037 1862 1143 1938 Itaque
1164 1862 1235 1919 fasti
1257 1863 1412 1920 Arvalium
1435 1872 1531 1922 aetate
1553 1882 1698 1942 suppares

366 1980 437 2028 sunt
451 1969 656 2027 Praenestinis
671 1975 702 2024 et
713 1964 905 2023 Veliensibus
928 1963 956 2040 (1
972 1983 1000 2038 p.
1014 1961 1098 2037 195).
1135 1960 1258 2020 Liturae
1281 1963 1391 2021 multae
1412 1965 1599 2038 reperiuntur
1620 1966 1698 2024 aliae

364 2071 538 2146 rescriptae,
561 2069 638 2126 aliae
658 2066 793 2136 relictae,
816 2066 859 2122 ita
880 2073 1069 2138 comparatae
1093 2081 1207 2131 omnes,
1230 2073 1263 2120 ut
1284 2064 1468 2140 quadratarii
1491 2065 1611 2124 minime
1633 2067 1699 2125 dili-

366 2172 610 2246 gcntiserrores
644 2169 746 2226 statim
773 2167 816 2224 ita
844 2165 1001 2224 videantur
1030 2164 1178 2222 emendati
1206 2182 1288 2235 esse,
1319 2171 1374 2223 nec
1399 2165 1557 2240 quicquam
1587 2167 1701 2226 indicat

365 2290 442 2346 quae
469 2277 538 2346 post
564 2269 696 2328 tabulam
722 2269 799 2326 hanc
824 2267 1010 2343 propositam
1038 2275 1160 2322 senatus
1188 2263 1273 2322 lastis
1300 2265 1424 2324 inscribi
1446 2265 1493 2324 vel
1522 2266 1590 2324 inde
1620 2267 1700 2326 demi

367 2373 518 2443 iussisset,
547 2369 594 2428 bic
619 2369 721 2426 addita
742 2368 899 2444 demptave
921 2384 998 2424 esse.
1040 2365 1199 2440 Reliquiae
1220 2383 1297 2440 quae
1320 2375 1482 2442 supersunt
1503 2377 1640 2444 spectant
1661 2369 1701 2426 sd

366 2473 431 2530 dies
447 2475 522 2546 Apr.
540 2470 594 2541 233
610 2471 680 2528 Mai.
698 2469 745 2527 10.
763 2467 812 2528 11.
830 2467 885 2540 11;
903 2471 982 2544 Aug.
1002 2470 1027 2525 l.
1045 2465 1072 2524 2.
1090 2469 1117 2526 3.
1134 2465 1272 2536 23-273
1289 2463 1371 2542 Sept.
1391 2467 1479 2526 1-5.
1498 2469 1545 2526 13.
1562 2467 1700 2540 13-16;

368 2570 807 2652 Οοῐ.1-7.9-11.14.15.
828 2568 957 2628 let-23.
980 2565 1117 2638 26-293
1140 2565 1220 2625 Nov.
1239 2567 1328 2626 1-8,
1352 2565 1487 2640 11-19,
1510 2569 1563 2628 sed
1585 2577 1618 2628 ut
1639 2571 1700 2629 die·

367 2693 431 2730 rum
456 2673 526 2732 Mai.
548 2673 597 2730 10.
619 2670 667 2730 11.
688 2669 726 2728 11
755 2669 824 2730 Oct.
848 2669 956 2730 14.13
984 2687 1043 2726 nou
1069 2669 1233 2728 habeamus
1258 2669 1316 2726 nisi
1345 2669 1427 2728 solas
1453 2669 1567 2728 litteras
1595 2672 1700 2730 nundi·

367 2775 461 2832 nales.
498 2774 659 2832 Praeterea
679 2771 838 2832 frustulum
861 2779 1010 2847 repertum
1033 2779 1080 2828 est
1100 2769 1215 2828 litteras
1237 2769 1351 2830 habens
1373 2769 1486 2828 moduli
1507 2772 1631 2830 maxiem
1652 2767 1699 2847 88,

367 2895 445 2950 quae
467 2892 527 2949 quo
551 2882 694 2949 spectent,
717 2872 909 2932 determinari
931 2891 991 2930 non
1013 2880 1120 2948 potest.

418 3047 422 3054 Ι
452 2976 501 3034 Ad
529 2993 558 3050 p.
580 2975 651 3033 307.
695 2973 793 3032 Notae
820 2973 934 3030 dierum
961 2973 1106 3031 fastorum
1136 2971 1379 3046 reiecturumque
1407 2990 1475 3030 cum
1500 2982 1655 3049 praeterea
1683 2993 1700 3032 a

369 3084 512 3133 consueta
539 3074 634 3133 forma
656 3093 714 3132 non
737 3074 890 3142 recedent,
918 3071 1069 3149 singulare
1096 3079 1141 3130 est
1162 3089 1227 3130 eam
1250 3089 1328 3148 quae
1350 3071 1394 3129 sic
1415 3071 1538 3130 formari
1560 3075 1637 3132 solet
1659 3075 1699 3132 AD

369 3178 417 3234 lric
444 3193 562 3250 semper
588 3176 630 3232 ita
650 3175 732 3250 pingi
755 3174 807 3244 Ν),
835 3193 901 3231 eam
924 3193 994 3231 vero
1017 3193 1094 3249 quae
1116 3173 1193 3231 solet
1214 3191 1282 3230 csse
1305 3189 1325 3229 Ν
1347 3173 1377 3230 in
1399 3173 1437 3230 iis
1459 3191 1535 3250 quas
1557 3175 1702 3236 babemus

370 3276 505 3351 reliquiis
527 3275 620 3334 semel
642 3285 755 3332 tantum
779 3273 832 3346 (ad
854 3274 930 3330 diem
954 3272 1022 3331 Oct.
1041 3273 1071 3348 l)
1098 3281 1247 3331 servatam
1268 3273 1309 3331 ibi
1331 3274 1375 3331 sic
1399 3273 1482 3350 pingi
1503 3292 1542 3347 Ν,
1569 3287 1602 3334 ut
1623 3277 1704 3335 absit

371 3378 477 3435 ductus
506 3376 558 3432 ille
585 3383 786 3434 transversus.
831 3374 929 3431 Erunt
956 3375 1008 3449 qui
1035 3373 1160 3432 credant
1186 3373 1228 3431 ita
1254 3375 1416 3450 significari
1446 3375 1544 3434 inesse
1572 3377 1602 3434 in
1631 3395 1702 3435 con·

371 3478 534 3553 tigaatione
559 3483 678 3551 praeter
699 3493 720 3533 Ν
743 3475 921 3533 elementum
951 3491 982 3544 s,
1011 3475 1124 3532 scilicet
1153 3473 1288 3533 vocabuli
1310 3475 1388 3550 quod
1411 3483 1459 3533 est
1478 3479 1607 3551 affectus
1629 3479 1702 3536 alte-

371 3597 450 3646 rum;
466 3586 504 3634 at
524 3595 579 3634 nec
600 3577 832 3652 contignationis
854 3575 1038 3634 consuetudo
1058 3575 1095 3632 ad
1119 3594 1182 3633 eam
1199 3582 1328 3633 aetatem
1343 3575 1505 3648 adscendit,
1527 3595 1604 3652 quae
1620 3579 1703 3638 hisce

373 3675 451 3736 notis
476 3677 621 3754 originem
650 3676 743 3745 dedit,
773 3696 827 3735 nec
850 3685 962 3734 tractus
984 3675 1035 3734 ille
1057 3676 1186 3734 litteram
1210 3691 1226 3733 ε
1247 3685 1326 3734 recte
1348 3685 1566 3753 repraesentat,
1592 3679 1703 3755 quippe

372 3779 418 3836 cui
446 3767 483 3835 ad
505 3779 598 3836 imam
618 3777 744 3836 vhastam
774 3777 869 3835 altera
894 3777 1005 3836 lineola
1032 3787 1204 3835 transversa
1233 3777 1315 3834 nulla
1342 3779 1532 3852 respondeat.
1574 3779 1648 3838 Mihi
1671 3791 1703 3838 nt

373 3879 479 3938 solitae
502 3888 590 3937 notae
612 3895 640 3935 Ν
656 3888 686 3936 et
700 3894 721 3935 Ν
744 3878 905 3937 creduntur
927 3895 994 3936 esse
1014 3878 1068 3935 illa
1082 3876 1215 3935 ciusdem
1231 3876 1368 3934 elementi
1383 3877 1478 3953 figura
1493 3879 1704 3955 antiquissima

373 4001 410 4039 ex
433 3988 574 4055 quattuor
596 3980 684 4037 lineis
707 3979 889 4054 composita,
913 3980 985 4037 haec
1006 3979 1153 4036 recentior
1174 3978 1264 4035 trium
1285 3975 1430 4036 linearum
1453 3980 1492 4037 ad
1506 3979 1704 4039 differentiam

373 4083 431 4139 diei
454 4081 561 4139 nefasti
584 4079 655 4138 laeti
671 4091 701 4138 et
715 4081 811 4138 tristis
826 4081 1039 4156 designandam
1055 4079 1144 4136 simul
1159 4077 1319 4149 adhibitae,
1341 4079 1385 4136 ita
1398 4077 1429 4136 in
1444 4079 1530 4139 fastis
1545 4081 1703 4140 Arvalium

373 4183 467 4241 solam
490 4181 728 4257 antiquissimam
751 4181 867 4238 litterae
884 4200 903 4237 a
921 4181 1057 4256 figuram,
1080 4197 1155 4254 quac
1171 4187 1218 4237 est
1232 4195 1271 4249 Ν,
1294 4189 1468 4254 usurpatam
1483 4197 1549 4240 esse
1564 4181 1704 4240 existimo

373 4282 557 4342 differentiae
579 4300 671 4340 causa
692 4282 721 4338 in
744 4281 861 4338 nefasto
883 4282 962 4338 laeto
984 4279 1094 4338 lineola
1114 4281 1307 4338 transversim
1330 4281 1455 4339 adiecta.

458 4383 508 4438 Ad
530 4402 559 4457 p.
576 4381 646 4439 368.
689 4381 814 4439 Dierum
837 4389 935 4452 notae,
961 4399 1038 4456 quae
1059 4379 1111 4438 ubi
1133 4379 1208 4437 nihil
1231 4380 1342 4438 adnoto
1365 4381 1555 4440 accusastis
1577 4400 1637 4440 non
1659 4403 1705 4442 re·

375 4482 492 4550 cedunt,
515 4491 678 4556 supersunt
698 4481 818 4540 horum:
848 4483 926 4558 Aug.
945 4485 977 4552 l;
1001 4480 1084 4556 Sept.
1102 4481 1128 4536 1.
1150 4479 1178 4536 1.
1195 4481 1222 4539 3.
1238 4482 1267 4538 4.
1284 4481 1312 4539 5.
1329 4479 1367 4537 13
1384 4481 1430 4556 (ut
1443 4481 1527 4540 Maff.
1544 4481 1648 4557 Veli).
1666 4483 1705 4541 24

375 4585 422 4657 (ut
441 4579 522 4639 Mali.
539 4577 610 4639 Sub.
627 4581 710 4639 Pinc.
722 4581 827 4657 vett).
850 4581 899 4641 25.
916 4581 969 4652 263
994 4581 1061 4639 Oct.
1080 4581 1106 4640 l.
1122 4579 1152 4638 2.
1168 4583 1196 4638 3.
1213 4581 1241 4638 4.
1259 4583 1287 4640 5.
1304 4581 1321 4640 6
1344 4581 1391 4657 (ut
1405 4581 1487 4638 Maii.
1504 4581 1571 4640 Ost.
1587 4583 1705 4659 Amit.).

376 4683 403 4740 7.
429 4683 462 4739 11
487 4680 534 4757 (ut
553 4681 668 4756 Amit.).
695 4681 881 4740 15.10.11.
904 4681 958 4752 11;
985 4679 1062 4738 Nov.
1082 4683 1108 4738 1.
1130 4679 1157 4739 2.
1181 4682 1208 4738 3.
1229 4683 1258 4740 4.
1280 4680 1307 4739 6.
1329 4681 1357 4740 7.
1381 4679 1427 4738 11.
1452 4681 1498 4740 13.
1522 4683 1569 4741 14.
1592 4684 1638 4743 15.
1658 4683 1704 4742 16.

286 4763 288 4768 ’
378 4782 425 4839 17.
445 4782 491 4842 ιο.
512 4783 558 4841 19.

459 4882 508 4940 Ad
530 4900 558 4958 p.
576 4883 646 4940 375.
691 4883 924 4942 Adnotatiouem
946 4901 1024 4960 quae
1045 4893 1093 4941 est
1114 4899 1217 4940 rentes
1232 4897 1298 4942 rovr
1321 4889 1384 4941 tum
1406 4902 1466 4942 nou
1485 4891 1633 4960 repertam
1648 4885 1706 4943 nisi

376 4985 407 5039 in
429 4984 583 5041 mensibus
598 4983 680 5042 Maio
704 4983 789 5040 Iunio
811 4987 949 5060 Augusto
971 4985 1003 5042 in
1024 4983 1121 5059 plenis
1141 4984 1227 5041 lastis
1249 4983 1287 5040 ad
1308 4983 1376 5040 idus
1399 5001 1501 5041 omnes
1524 4985 1708 5062 adscriptam

375 5084 471 5145 luisse
493 5085 572 5157 quod
594 5084 717 5154 conieci,
739 5083 769 5140 id
784 5083 855 5141 fasti
870 5085 1027 5142 Arvalium
1042 5083 1231 5153 confirmant;
1255 5083 1365 5141 babent
1378 5083 1456 5142 enim
1472 5103 1537 5142 eam
1553 5085 1591 5143 ad
1605 5101 1708 5144 omnes

376 5193 436 5242 tres
458 5203 533 5260 quae
554 5185 586 5242 in
609 5185 646 5242 iis
669 5192 830 5260 supersunt
851 5184 923 5241 idus
936 5183 1126 5262 Septembres
1143 5182 1288 5243 Octobres
1304 5182 1491 5244 Novembres
1514 5183 1706 5262 adscriptam.
