3750 5990
423 545 499 616 244
944 561 1223 616 nmmuaaecsn

421 735 453 796 in
468 735 694 796 desuetudinem
712 725 846 806 venisse,
864 735 961 794 solum
981 735 1160 795 vocabulum
1180 735 1339 808 mansisse,
1361 736 1404 794 ita
1424 745 1458 794 ut
1472 733 1608 796 Graecos
1628 756 1697 798 cum
1718 740 1749 799 id

423 854 480 896 sua
501 837 635 913 ipsorum
654 835 758 912 lingua
778 835 946 913 exprimere
962 837 1125 908 studerent,
1148 855 1250 894 veram
1270 836 1334 894 eius
1347 837 1407 896 vim
1422 855 1482 896 non
1503 847 1659 898 assecutos
1681 859 1748 900 ease

421 937 485 996 veri
506 936 653 995 dissimile
673 954 733 994 non
755 937 839 1012 sit1),
860 939 1039 1014 praesertim
1060 956 1127 996 cum
1143 936 1268 996 duorum
1289 937 1416 995 aliorum
1430 938 1586 998 titulorum
1608 940 1746 1017 exemplo

421 1038 645 1114 comprobetur,
672 1037 703 1098 iu
725 1038 784 1096 lac
804 1055 837 1095 re
864 1055 925 1096 non
949 1038 1114 1096 obtinuisse
1141 1037 1219 1115 apud
1242 1036 1377 1098 Graecos
1400 1039 1576 1098 sollemnem
1597 1040 1745 1116 quendem

420 1155 507 1197 usum
529 1156 565 1196 ac
584 1156 698 1196 morem
722 1138 869 1196 formulae
890 1137 1017 1196 Latinae
1043 1138 1297 1214 interpretandae,
1325 1138 1378 1198 sed
1399 1157 1465 1197 eam
1487 1159 1549 1198 rem
1570 1141 1603 1199 in
1624 1141 1745 1200 arbitrio

419 1239 664 1315 uniuscuiusque,
679 1240 731 1315 qui
744 1239 862 1298 titulum
876 1237 1075 1316 componeret,
1097 1240 1227 1314 positam
1242 1239 1345 1298 fuisse.
1379 1236 1469 1313 Quod
1483 1240 1576 1300 mudtc
1598 1241 1744 1301 infelicius

421 1341 511 1400 mam
526 1357 617 1416 qnam
632 1339 811 1399 Atheniensi
825 1347 939 1413 nostro,
951 1339 1065 1404 ¹Sermo
1086 1340 1132 1398 illi
1146 1341 1273 1400 cessisse
1288 1339 1427 1412 vidimus,
1449 1341 1503 1416 qui
1523 1341 1643 1400 titulum
1657 1361 1745 1420 snpra

419 1441 544 1500 allatum
567 1441 695 1516 scripsit.
712 1472 750 1484 -
773 1440 809 1498 V.
826 1441 843 1498 'i
865 1433 1085 1524 uepaov[ope‘poc
1108 1441 1246 1519 supplevi
1268 1442 1350 1517 qnod
1371 1459 1409 1499 es
1425 1441 1492 1500 sols
1505 1442 1636 1502 nominis
1651 1443 1745 1502 forma

420 1542 531 1600 tradita
548 1550 598 1600 eet
619 1541 694 1617 (Dio
716 1541 766 1612 55,
790 1540 858 1617 23);
881 1541 934 1600 sed
955 1541 1030 1601 baec
1051 1543 1112 1599 vox
1133 1542 1261 1616 spatium
1284 1541 1429 1601 excedere
1455 1541 1624 1620 videturi),
1656 1563 1743 1623 quare

419 1643 551 1702 fortasse
572 1642 673 1718 potius
694 1642 882 1724 seperaberis
897 1642 1084 1700 scribendum
1106 1642 1172 1715 erit,
1194 1643 1274 1720 quod
1288 1642 1399 1702 Latino
1413 1643 1588 1720 fulminatos
1609 1656 1743 1705 accurate

371 1723 374 1728 .
418 1741 622 1822 responderet.
658 1741 696 1799 V.
715 1744 752 1800 ll
776 1742 916 1801 vocabuli
941 1733 1177 1817 ἀποδεδειγμὲνον
1203 1744 1332 1820 vestigia
1352 1743 1520 1802 certissima
1541 1755 1628 1818 sunt;
1658 1757 1742 1824 atque
1830 1763 1831 1766 ’

416 1849 448 1907 id
468 1863 536 1908 enm
556 1843 751 1919 sequentibus
766 1841 1003 1921 coniungendam
1025 1860 1102 1916 esse,
1124 1861 1184 1902 non
1205 1861 1271 1902 cum
1293 1844 1332 1903 iis
1346 1862 1422 1920 queo
1444 1846 1633 1920 antecedunt,
1655 1855 1741 1924 patet.

416 1949 496 2008 Nam
518 1939 654 2024 qdcector
668 1948 814 2021 praecipis
835 1963 953 2021 semper
974 1943 1012 2002 ab
1033 1943 1101 2018 ipso
1122 1944 1258 2022 principe
1278 1945 1462 2021 designator,
1483 1965 1576 2022 quare
1597 1941 1741 2005 circisio-

417 2038 518 2122 γμένον
544 2043 592 2102 ὑπ’
619 2041 710 2101 αὐτοῦ
734 2045 869 2104 additum
895 2044 1139 2103 molestissimam
1166 2045 1363 2123 tautologiam
1384 2047 1525 2106 efficeret.
1574 2045 1691 2108 Contra
1716 2049 1740 2106 si

418 2164 454 2206 ea
475 2146 566 2204 rerba
586 2144 625 2203 ad
647 2135 848 2227 [demandabo
870 2146 949 2221 quod
972 2145 1107 2222 seqnitur
1127 2145 1302 2219 referamus,
1329 2166 1389 2206 non
1415 2149 1513 2206 solum
1534 2167 1602 2208 cnm
1623 2167 1643 2207 a
1666 2151 1741 2227 prin-

416 2247 483 2325 cipe
504 2245 631 2304 aedilem
652 2243 838 2304 nominatum
859 2264 926 2305 esse
948 2247 1105 2319 indicatur,
1131 2246 1185 2305 sed
1206 2247 1295 2304 etiam
1318 2257 1380 2306 tum
1401 2251 1469 2307 cum
1490 2249 1596 2308 titulus
1617 2269 1739 2328 ponere·

417 2356 474 2420 tur,
497 2349 674 2422 designatum
696 2345 817 2422 quidem
838 2345 943 2420 inisse,
965 2349 1018 2407 sed
1038 2348 1170 2406 nondum
1192 2347 1399 2424 magistratum
1419 2343 1576 2425 iniisse³);
1601 2358 1693 2429 atque
1711 2371 1739 2410 re

417 2467 489 2508 vers
513 2447 562 2507 hie
590 2446 713 2508 ultimus
745 2454 776 2505 et
801 2465 935 2506 summus
962 2449 1156 2524 magistratus
1189 2456 1251 2520 est,
1283 2450 1335 2524 qui
1363 2451 1394 2508 in
1421 2449 1509 2508 titula
1536 2452 1738 2527 perscribitur,

415 2569 507 2628 quum
528 2549 630 2607 statim
651 2549 717 2606 eins
737 2547 789 2625 qui
808 2543 941 2607 statuam
961 2549 1062 2624 posuit
1085 2566 1195 2607 nomen
1214 2549 1422 2628 subiungatur.
1465 2551 1528 2610 Pro
1543 2545 1738 2636 [dyspme'upv

415 2650 550 2729 suppleri
570 2655 670 2728 potest
690 2640 877 2730 [diaapqpu
902 2647 956 2708 sed
979 2650 1032 2708 illo
1054 2649 1199 2708 vocabulo
1222 2650 1350 2726 spatium
1372 2650 1479 2710 melius
1501 2653 1649 2729 expletur.
1693 2653 1737 2713 De

415 2753 535 2812 nomine
560 2750 626 2810 ains
648 2749 699 2827 qui
724 2749 841 2808 titulum
870 2748 1020 2810 dedicavit
1044 2767 1099 2827 pro
1125 2757 1206 2808 certo
1232 2749 1292 2808 dici
1319 2758 1432 2826 potest,
1460 2752 1539 2811 inter
1559 2772 1737 2831 praenomen

415 2861 446 2913 et
459 2870 634 2932 cognomen,
650 2869 727 2928 quse
742 2850 953 2927 integramus,
974 2850 1035 2910 duo
1054 2851 1175 2910 nomina
1190 2851 1342 2928 gentilicia
1362 2851 1475 2930 scripta
1487 2853 1635 2931 iniasc⁴);
1660 2857 1737 2934 prins
1830 2919 1831 2922 Ἴ

490 3179 516 3247 ¹)
539 3180 624 3230 Multo
643 3181 728 3244 sptins
746 3186 814 3231 emet
834 3181 945 3245 simplex
963 3169 1096 3251 xdieucsc,
1116 3191 1195 3248 quum
1212 3161 1332 3252 χιινιιῖιιι
1350 3159 1409 3232 eam
1427 3182 1480 3232 vim
1498 3181 1595 3234 babeat
1612 3199 1681 3251 qnae
1698 3184 1736 3235 bic

413 3271 582 3332 desideratur,
602 3269 648 3320 sed
667 3284 698 3319 eo
717 3271 829 3334 spatium
848 3286 901 3320 non
919 3273 1046 3336 expletur.

489 3360 515 3425 ³)
540 3361 702 3427 Quamquam
715 3376 769 3410 non
788 3375 820 3410 ea
838 3367 876 3410 est
894 3362 921 3412 in
934 3362 984 3414 hoc
996 3363 1071 3413 titulo
1091 3363 1260 3428 aequabilitas
1272 3365 1422 3429 scripturae,
1442 3371 1472 3414 ut
1484 3365 1595 3416 duarum
1606 3367 1736 3420 literarum

412 3455 555 3508 discrimini
573 3454 681 3504 multum
701 3451 866 3502 tribuendum
884 3454 925 3502 sit.
1229 3435 1232 3440 ¹

486 3542 512 3607 ⁸>
537 3545 639 3595 Tamen
651 3544 718 3592 banc
735 3558 790 3592 rem
802 3543 874 3592 band
887 3543 924 3592 ita
935 3543 1033 3594 levibns
1046 3543 1247 3596 dubitationibus
1266 3545 1407 3595 obnoxiam
1426 3557 1482 3595 esse
1497 3545 1548 3597 Th.
1561 3547 1735 3600 Mommsenus

412 3650 454 3690 me
473 3634 620 3685 admonuit:
647 3625 774 3683 'Primum
797 3634 924 3698 legitimus
948 3649 1032 3685 sermo
1058 3637 1166 3700 requirit
1188 3634 1293 3686 aedilem
1309 3634 1485 3702 'designatam
1510 3651 1565 3687 non
1584 3637 1737 3704 despectum
1830 3663 1831 3714 ι

412 3724 527 3776 aedilem.
559 3723 662 3774 Deinde
675 3725 839 3789 magistratus
853 3725 979 3790 designati
998 3726 1043 3778 ubi
1055 3727 1228 3789 inveniuntur,
1247 3741 1378 3792 nunquam
1396 3727 1500 3778 additur
1518 3727 1667 3794 designatos
1685 3745 1736 3781 esso

413 3817 447 3868 ab
465 3817 634 3882 imperatore,
664 3830 748 3881 neque
766 3823 834 3866 recte
853 3817 915 3866 addi
933 3817 1031 3880 potuit,
1056 3832 1114 3866 cum
1136 3818 1232 3866 creatio
1250 3818 1426 3882 magistratum
1445 3819 1603 3870 urbanorum
1624 3823 1735 3886 exceptis

411 3909 562 3964 consulibus¹
577 3907 612 3958 sd
624 3913 740 3958 senatum
753 3909 900 3972 pertineret.
928 3908 1014 3972 Magis
1033 3908 1185 3958 crediderim
1202 3908 1282 3958 verbe
1300 3901 1504 3976 ἄποδιδιιγμίνον
1521 3901 1558 3959 ds'
1578 3903 1655 3962 circi
1672 3913 1735 3963 refe·

409 4001 493 4052 rende
510 4015 565 4051 esso
584 3999 617 4050 ad
634 3999 797 4064 quaestorem
816 3997 980 4049 candidatum
999 3999 1119 4063 Augusti.
1148 4001 1246 4049 Verum
1264 4006 1304 4058 est
1322 3999 1443 4050 caterba
1460 4001 1601 4064 itapsrnrn
1619 4009 1735 4055 accumta

409 4093 487 4156 sarti;
513 4097 574 4142 nam
594 4097 715 4156 quaestor
734 4089 886 4140 candidatus
904 4089 1016 4153 Augusti
1035 4089 1067 4139 ab
1086 4091 1242 4154 imperatore
1257 4091 1405 4140 nominatur
1423 4093 1505 4156 magia
1523 4106 1601 4156 qnam
1620 4094 1734 4159 designa·
1754 4111 1758 4118 ·

408 4169 469 4250 tnr3¹
488 4183 534 4233 sed
557 4197 590 4232 es
612 4181 738 4232 sermonis
762 4181 870 4244 legitimi
889 4179 1034 4230 differentis
1058 4179 1128 4230 baud
1151 4182 1204 4230 scio
1223 4195 1257 4231 an
1279 4181 1352 4230 reddi
1371 4181 1472 4234 Graece
1491 4182 1597 4232 omnino
1616 4191 1733 4250 nequeat.

408 4273 506 4323 Verum
525 4274 586 4322 item
606 4279 643 4322 est
662 4271 747 4321 adhuc
765 4271 864 4320 nudum
883 4270 985 4319 titulum
1004 4271 1136 4320 inventum
1155 4286 1210 4322 osse
1229 4273 1372 4337 quaestoria
1391 4273 1515 4337 Augusti,
1540 4273 1584 4338 qni
1607 4274 1678 4324 idern
1696 4275 1732 4324 di-

407 4369 507 4413 ceretnr
534 4363 686 4412 candidatus
710 4360 834 4423 Augusti;
863 4361 933 4424 quod
956 4362 1012 4412 sine
1038 4361 1117 4411 dubio
1141 4378 1195 4412 non
1220 4377 1280 4414 casn
1305 4364 1407 4426 accidit,
1432 4363 1639 4438 sed'propterea
1666 4365 1733 4430 qnod

408 4458 569 4516 quaestores,
594 4453 637 4516 qui
656 4451 774 4514 Augusto
798 4457 901 4513 praesto
924 4459 1022 4514 essent,
1046 4467 1148 4517 semper
1171 4453 1349 4518 deligebantur
1372 4469 1405 4506 ax
1429 4454 1608 4520 quaestoribus
1626 4455 1660 4506 ab
1678 4456 1733 4520 ipsc

407 4540 556 4602 nominatis,
575 4547 605 4590 nt
622 4540 667 4589 illo
679 4539 765 4604 posito
784 4539 834 4590 hoc
849 4554 950 4605 quoqne
968 4555 996 4592 re
1014 4543 1072 4608 ipsa
1090 4545 1358 4609 comprehenderetur.
1389 4545 1443 4600 Sed
1455 4545 1540 4612 pctdit
1556 4559 1619 4596 sane
1637 4553 1732 4600 auun-

407 4644 457 4696 qus
475 4631 552 4681 dmnl
570 4631 698 4680 enuntiari
717 4631 830 4680 maxime
847 4631 875 4681 in
893 4631 968 4682 titulo
984 4632 1086 4685 Graece
1104 4626 1216 4699 scripto'.

483 4719 508 4785 ⁴)
531 4721 567 4773 Ut
585 4721 655 4771 idem
673 4721 752 4771 homo
771 4720 870 4771 duobos
889 4723 1036 4774 nominibus
1048 4726 1185 4790 gentiliciis
1204 4731 1297 4789 utatur,
1316 4726 1344 4776 id
1363 4727 1416 4776 ianr
1432 4727 1575 4792 primorum
1592 4726 1732 4792 imperato·

405 4829 463 4865 rum
476 4820 591 4879 tempore
609 4825 663 4862 non
681 4825 741 4862 raro
754 4812 810 4862 fleri
829 4815 991 4864 notissimum
1010 4822 1056 4865 est.
1088 4817 1231 4868 Hominum
1244 4816 1403 4868 Graecorum
1422 4818 1528 4868 altenm
1546 4831 1576 4868 ac
1588 4817 1657 4866 tertii
1675 4829 1730 4867 sse-

405 4905 456 4956 culi
484 4899 752 4976 exemplaeinsmodi
775 4909 834 4954 sunt
861 4906 896 4953 A.
924 4894 1072 4975 ‘Epivpsad
1098 4903 1257 4976 Σιπίμῂις]
1281 4897 1441 4976 Ἦλιὸδωρος
1471 4907 1501 4958 0.
1529 4909 1552 4959 Ι.
1577 4907 1657 4958 3204.
1694 4903 1729 4955 Δ.

404 4989 541 5062 Xera-ripam
564 4981 692 5061 Αὐρήλιος
710 4990 838 5060 iriquum
856 4996 936 5046 3205.
978 4995 1008 5045 Γ.
1029 4985 1159 5056 ’Anteros
1177 4993 1315 5066 Σεπτίμιος
1333 4990 1451 5056 Πέπλιος
1470 4999 1552 5050 3208.
1588 4999 1620 5050 In
1639 4997 1730 5062 quibus

403 5084 483 5134 titulis
501 5095 563 5134 sane
582 5085 766 5150 Septimicrnm
785 5101 880 5136 nomen
898 5101 914 5136 s
932 5087 1058 5152 Septimio
1077 5089 1174 5141 Severo
1191 5091 1360 5154 repetendum
1379 5105 1434 5142 esse
1452 5091 1566 5154 videtur;
1587 5088 1633 5140 sed
1651 5089 1729 5138 etiam

402 5179 479 5226 antea
497 5174 615 5227 homines
634 5175 749 5229 Graecos
767 5177 817 5228 hoc
834 5192 928 5229 nomen
948 5179 1058 5242 gessisse
1075 5195 1122 5244 per
1139 5195 1166 5231 se
1185 5187 1264 5246 patet.
