3826 5962
429 632 503 704 240
808 649 952 703 nonnus
975 647 1162 700 nunnuou.
1189 645 1392 699 ARVALIVM.

510 821 591 882 Nam
607 852 645 866 -
661 830 694 880 ut
714 841 793 880 nunc
815 821 935 881 tandem
955 820 1073 881 redeam
1091 821 1279 880 adustorum
1293 819 1381 878 huius
1397 817 1474 876 sacri
1489 816 1702 894 explicandam
1719 848 1760 859 —-

385 959 388 964 ·
428 940 516 982 sacre
529 921 667 981 Volcano
688 922 719 984 in
740 924 871 995 comitio,
894 921 1020 997 Quirino
1041 923 1073 980 in
1094 921 1169 981 colle
1191 939 1249 980 uno
1271 921 1320 979 die
1340 920 1421 979 lacta
1441 935 1629 994 nequaquam
1650 917 1762 978 viden·

427 1029 477 1081 tur
507 1022 590 1082 nulla
620 1023 776 1101 religionis
807 1024 1016 1084 communione
1047 1041 1116 1082 esse
1146 1022 1312 1082 coniuncta
1366 1019 1537 1080 memineris
1569 1019 1602 1082 in
1632 1021 1761 1080 comitio
1863 1077 1864 1080 ,

427 1123 538 1182 fuctum
563 1126 663 1199 putari
689 1124 795 1185 foedus
819 1125 897 1186 iuter
920 1124 1081 1184 Romulum
1107 1132 1138 1182 et
1158 1124 1262 1183 Titum
1283 1121 1414 1193 Tatium,
1440 1138 1502 1196 quo
1529 1119 1589 1180 icto
1614 1129 1690 1180 nuta
1720 1121 1762 1180 sit

427 1241 476 1284 res
500 1223 623 1302 publica
649 1225 753 1302 populi
779 1213 908 1285 Roma'ni
935 1225 1111 1300 Quiritium
1144 1225 1175 1283 iu
1201 1225 1343 1300 contigue
1359 1221 1498 1282 ‘Volcani
1523 1239 1595 1279 area
1620 1221 1760 1280 eiusdem

427 1325 531 1402 populi
553 1334 689 1386 senatum
709 1327 837 1402 primum
858 1327 967 1400 coisse,
995 1319 1150 1386 dedicasse
1172 1324 1334 1384 Romulum
1354 1325 1449 1382 lotum
1471 1341 1655 1400 aequaevum
1678 1324 1760 1394 urbi,

428 1435 462 1484 ut
482 1426 629 1503 quidquid
650 1430 791 1488 statueris
813 1429 850 1487 de
864 1427 992 1487 Volcani
1013 1427 1144 1486 numinis
1165 1427 1279 1504 origiue
1294 1456 1333 1468 —
1355 1435 1452 1501 neque
1473 1441 1544 1483 vero
1565 1425 1663 1483 solam
1687 1443 1760 1484 enm

426 1527 632 1588 incendiorum
659 1529 856 1588 arcendorum
881 1546 984 1588 euram
1010 1528 1180 1606 suscepisse
1207 1534 1321 1587 certum
1342 1533 1390 1586 est
1411 1557 1450 1571 ··—
1475 1526 1567 1586 ferias
1595 1527 1659 1585 eius
1690 1546 1759 1604 per·

427 1627 554 1688 tinuisse
578 1631 618 1688 sd
643 1631 821 1690 celebranda
840 1629 1039 1689 Romuiisnae
1065 1631 1109 1688 rei
1134 1629 1271 1705 publicae
1297 1629 1384 1688 initia
1411 1627 1487 1687 sutis
1513 1628 1545 1686 in
1571 1637 1679 1704 aperto
1707 1631 1758 1687 sit.

427 1727 512 1804 etqui
533 1731 705 1808 Augustum
727 1731 851 1790 alterius
873 1731 996 1789 Romuli
1017 1747 1176 1806 personam
1201 1729 1341 1788 induisse
1361 1739 1464 1788 notum
1486 1737 1533 1788 est
1559 1727 1610 1804 (cl.
1631 1729 1757 1789 Rubino
1863 1801 1864 1806 η

434 1828 683 1909 Untcreucltnnym
700 1834 726 1905 1,
745 1832 832 1908 104):
854 1850 942 1908 quem
963 1849 1030 1890 com
1051 1849 1130 1889 suno
1146 1830 1206 1890 738
1228 1830 1290 1889 diri
1305 1830 1427 1890 Romuli
1449 1831 1553 1890 aedem
1573 1830 1758 1902 restitueret,

427 1931 500 2008 quid
524 1933 622 2009 magis
643 1940 875 1993 consentaneum
898 1950 988 2010 quam
1010 1949 1098 1992 sacra
1117 1931 1183 1990 fieri
1207 1931 1245 1990 od
1266 1949 1332 1990 enm
1353 1931 1481 1990 iussisse
1502 1951 1538 1990 eo
1560 1932 1618 2003 die,
1639 1949 1704 2007 quo
1725 1934 1757 1992 in
1863 1943 1864 1946 ’

428 2031 550 2091 comitio
577 2034 683 2093 fierent
703 2033 840 2094 Volcano
861 2034 1000 2094 conditae
1021 2033 1105 2092 urbis
1126 2032 1215 2091 testi?
1251 2038 1282 2091 et
1302 2039 1419 2091 'constat
1439 2031 1598 2092 Arvalium
1618 2033 1757 2093 hemero-
1863 2107 1864 2110 Ἴ

428 2130 541 2207 logium
567 2139 638 2208 post
658 2154 686 2192 a.
710 2134 769 2194 738
792 2134 959 2195 coniectum
980 2151 1058 2195 esse.
1100 2143 1256 2212 praeterea
1280 2132 1383 2193 nescio
1414 2137 1453 2192 au
1472 2133 1593 2194 nullius⁴
1611 2135 1757 2195 momenti

428 2231 470 2290 sit
490 2233 529 2290 ad
550 2232 627 2292 hanc
648 2231 768 2308 Quirini
789 2242 819 2293 et
836 2235 966 2296 Volcani
986 2236 1223 2298 coniunctionem
1245 2227 1431 2311 probandum
1452 2236 1533 2310 quod
1554 2232 1612 2294 Cn.
1626 2234 1755 2294 Flavius

428 2349 521 2408 supra
541 2332 693 2392 comitium
714 2334 745 2393 iu
768 2332 963 2396 Graecostasi
988 2337 1051 2396 sive
1078 2339 1110 2396 in
1130 2336 1256 2396 Volcani
1277 2353 1349 2395 area
1369 2333 1557 2396 Concordiae
1577 2337 1681 2396 aedem
1706 2338 1755 2396 de
1863 2373 1864 2394 2

428 2433 591 2507 dicaverit.
603 2434 834 2511 quodque-ante
856 2434 975 2510 Quirini
995 2437 1137 2514 templum
1159 2438 1248 2514 myrti
1270 2455 1375 2497 sacrus
1396 2437 1491 2496 altera
1510 2438 1645 2515 patriciav
1657 2439 1756 2498 altera

353 2579 354 2584 1
429 2534 548 2612 plebeia
568 2536 718 2596 steterint:
750 2541 824 2597 inter
844 2541 1044 2614 antiquissima
1064 2556 1185 2615 namquo
1206 2539 1324 2597 delubra
1344 2538 1463 2597 ludetur
1486 2537 1612 2610 Quirini,
1640 2540 1695 2600 loc
1717 2551 1756 2600 est
1863 2535 1864 2538 '

427 2639 520 2712 cneius
534 2635 651 2696 Romuli
671 2655 697 2697 e.
712 2655 742 2714 q.
757 2656 781 2698 s.
804 2638 898 2714 (Plin.
916 2638 963 2711 15,
982 2638 1064 2715 120).
1096 2639 1205 2715 quodsi
1226 2639 1359 2716 Augusti
1379 2639 1467 2702 iussu
1488 2656 1606 2698 sacrum
1620 2639 1698 2698 illud
1713 2642 1755 2699 in·

428 2738 564 2797 stitutum
579 2745 634 2810 est,
648 2737 717 2798 inde
730 2756 791 2798 uon
805 2740 950 2817 sequitur,
969 2749 1003 2800 ut
1014 2739 1155 2799 reiectum
1170 2740 1246 2800 hsnc
1261 2741 1365 2800 aedem
1379 2740 1483 2800 eodem
1498 2741 1546 2800 die
1560 2740 1754 2802 dedicaverit

428 2839 472 2896 sic
500 2855 589 2913 posse
617 2838 766 2916 explicari
791 2840 849 2902 tria
874 2839 993 2916 Quirini
1020 2858 1106 2900 sacra
1132 2841 1163 2899 iu
1191 2841 1277 2901 festis
1306 2841 1448 2914 adnotata
1473 2859 1560 2910 nemo
1588 2845 1756 2920 negaverit,

428 2937 535 2998 debere
560 2939 683 2998 minime
709 2941 866 3000 contendo.
914 2950 947 3000 at
972 2943 1120 3002 contendo
1147 2961 1186 3001 ue
1211 2942 1260 3002 his
1285 2942 1407 3018 quidem
1433 2945 1527 3003 sacris
1555 2943 1756 3012 demonstrari
1863 2975 1864 2978 ¹

427 3048 548 3116 praeter
565 3039 641 3098 illud
662 3041 807 3101 sacellum
828 3042 930 3118 plures
952 3043 1048 3102 fuisse
1070 3041 1188 3117 Quirini
1209 3045 1240 3103 in
1261 3043 1338 3103 colle
1359 3044 1458 3116 aedes,
1489 3043 1592 3122 plures
1620 3044 1755 3124 singulu-
1863 3111 1864 3114 Ἴ

427 3158 494 3198 rum
516 3140 634 3200 aedium
654 3135 778 3217 natales,
806 3144 896 3221 idque
922 3161 1012 3222 spero
1038 3145 1095 3206 hac
1118 3163 1186 3205 mes
1206 3145 1408 3223 disputatione
1427 3144 1663 3206 dubitationibus
1684 3163 1754 3206 esse

427 3246 607 3315 exemptum.
1486 3263 1490 3272 ’
