3750 5990
541 632 839 687 oosnnvamonas
857 635 976 688 amen.
995 635 1071 691 xiv.
1398 621 1471 694 277

146 825 236 883 quam
262 805 405 876 affirmet,
434 804 506 862 mihi
535 805 685 864 contraria
706 807 853 865 sententia
875 808 969 883 magis
991 807 1098 884 placet.
1136 804 1256 867 Scilicet
1277 828 1343 867 cum
1365 811 1396 869 in
1417 813 1472 872 irn-

145 907 237 985 periis
265 907 312 965 sui
340 906 412 964 iuris
438 905 466 964 is
492 905 588 966 honor
614 923 733 983 semper
757 907 933 984 pependerit
959 927 978 966 a
1003 907 1217 966 dominantium
1243 909 1367 969 arbitrio
1392 931 1473 971 eum·

146 1027 203 1084 que
229 1017 259 1066 et
284 1024 370 1085 reges
392 1007 523 1082 Aegypti
551 1013 582 1064 et
602 1007 798 1084 imperatores
821 1007 949 1066 Romani
975 1015 1005 1065 et
1031 1008 1083 1066 alii
1104 1009 1217 1084 passim
1246 1027 1314 1067 eum
1336 1012 1398 1070 suis
1419 1030 1475 1090 pro

144 1107 242 1166 lubitu
262 1107 523 1178 communicarint,
551 1125 636 1184 reges
658 1109 784 1185 imperio
805 1106 942 1166 Romano
964 1108 1074 1166 subditi
1096 1109 1160 1167 iure
1181 1109 1345 1168 constituto
1366 1113 1474 1171 certis·

146 1227 204 1284 que
219 1209 336 1287 legibus
351 1208 438 1267 dictis
460 1227 526 1270 cum
549 1207 659 1267 italus
680 1227 867 1267 nummorum
882 1207 1081 1266 feriendorum
1102 1209 1272 1280 retinerent,
1294 1221 1327 1268 ut
1347 1213 1475 1287 impera·

145 1317 226 1368 tores
251 1309 289 1368 iis
310 1315 532 1378 concesserant,
561 1307 656 1367 libero
677 1309 807 1367 nominis
829 1309 907 1367 alius
929 1327 1018 1384 quam
1041 1309 1087 1368 sui
1109 1311 1238 1367 nummis
1259 1309 1406 1370 inferendi
1428 1333 1474 1371 ar-

144 1409 234 1468 bitrio
256 1409 394 1468 videntur
414 1409 558 1468 caruisse.
592 1405 685 1467 Certe
695 1416 815 1485 praeter
835 1411 890 1468 has
913 1408 1073 1484 dequibus
1095 1411 1213 1487 agimus
1235 1411 1376 1470 mulieres
1397 1412 1474 1472 duae

145 1509 228 1568 solae
249 1509 280 1568 in
302 1510 430 1568 nummis
450 1526 610 1584 regnorum
631 1511 757 1585 imperio
778 1509 916 1568 Romano
939 1511 1123 1568 subditorum
1146 1521 1328 1585 comparent,
1356 1509 1473 1589 Gepae-

147 1610 231 1687 pyris
246 1611 349 1686 regina
363 1627 440 1667 uxor
454 1608 635 1667 Mithridatis
650 1610 700 1667 III
714 1611 794 1686 regis
808 1609 939 1686 Bospori
954 1611 991 1668 ab
1007 1629 1034 1668 a.
1050 1609 1089 1667 42
1105 1610 1144 1668 ad
1159 1629 1185 1668 a
1202 1610 1252 1683 49,
1274 1629 1351 1686 quae
1366 1623 1395 1670 et
1410 1615 1476 1672 sola

146 1710 178 1768 in
206 1710 243 1768 iis
270 1711 421 1770 invenitur
447 1717 477 1768 et
502 1727 568 1768 cum
595 1711 718 1784 marito,
747 1721 777 1769 et
803 1710 986 1787 Tryphaena
1012 1711 1116 1787 regina
1141 1729 1218 1770 uxor
1244 1710 1418 1772 Polemonis
1444 1714 1476 1772 ΙΙ

146 1811 228 1888 regis
250 1810 356 1881 Ponti,
380 1828 459 1886 quae
484 1828 543 1868 non
570 1810 719 1868 invenitur
744 1811 801 1870 nisi
824 1829 890 1868 cum
914 1809 1035 1882 marit03
1061 1821 1092 1869 et
1118 1818 1150 1869 ut
1170 1811 1277 1868 harum
1300 1813 1367 1870 iura
1387 1815 1476 1872 facile

148 1910 187 1968 ad
208 1911 366 1988 privilegia
386 1911 520 1969 revocari
545 1913 700 1986 poterunt,
726 1911 769 1968 ita
799 1928 917 1969 summa
948 1911 1096 1970 eiusmodi
1127 1929 1314 1969 nummorum
1339 1915 1476 1988 paucitas

147 2011 201 2069 clx
222 2021 301 2070 recte
322 2012 405 2069 casui
427 2011 583 2070 tribuetur.
599 2043 637 2053 -
662 2008 750 2084 Quod
772 2011 797 2070 si
816 2009 994 2087 Cleopatrae
1015 2013 1072 2070 hoc
1092 2029 1268 2070 concessum
1291 2021 1346 2083 est,
1369 2022 1401 2072 ut
1422 2033 1477 2073 suo

147 2111 212 2172 iure
225 2121 374 2190 regnaret,
394 2112 459 2170 fieri
474 2119 582 2188 potest,
604 2129 669 2170 cum
686 2112 809 2170 annales
824 2113 958 2171 scribant
972 2112 1078 2170 Iubam
1098 2113 1136 2170 ab
1152 2113 1290 2188 Augusto
1311 2121 1341 2172 et
1361 2124 1478 2188 partem

147 2211 232 2290 regni
252 2213 379 2289 paterni,
405 2213 436 2271 id
458 2223 504 2271 est
524 2211 700 2282 Numidiae,
722 2213 875 2287 accepisse
902 2221 932 2270 et
953 2222 1107 2288 praeterea
1128 2229 1251 2287 regnum
1273 2213 1478 2273 Mauretaniae

147 2309 262 2385 (Strab.
288 2312 335 2386 17,
365 2315 394 2384 3,
418 2313 435 2370 7
463 2333 493 2390 p.
513 2311 587 2385 8283
616 2310 676 2370 Dio
699 2311 749 2382 5³,
773 2311 842 2388 26),
870 2323 904 2370 ut
927 2313 1003 2370 illud
1024 2314 1089 2389 ipse
1117 2313 1264 2383 habuerit,
1290 2314 1347 2372 hoc
1372 2315 1477 2373 uxoris

148 2413 282 2486 nomine;
310 2412 364 2473 sed
391 2420 490 2490 potest
516 2413 606 2472 etiam
635 2413 752 2487 utrique
774 2413 893 2488 coniugi
919 2421 1013 2472 totum
1040 2429 1164 2487 regnum
1187 2416 1336 2470 communi
1357 2415 1478 2473 nomine

149 2512 251 2573 datum
273 2531 350 2573 esse.

232 2611 422 2691 Cleopatram
437 2624 507 2673 ante
521 2614 660 2674 maritum
676 2614 789 2672 obiisse
804 2613 873 2670 iude
887 2621 1013 2681 constat,
1028 2610 1108 2685 quod
1122 2617 1243 2670 auctore
1257 2609 1388 2688 Iosepho
1403 2613 1479 2687 (aut.

149 2712 215 2772 lud.
239 2715 287 2784 17,
318 2715 365 2786 13,
388 2715 421 2784 43
447 2714 518 2773 bell.
546 2714 612 2772 Iud.
640 2711 669 2783 2,
698 2713 727 2785 7,
754 2713 788 2788 4)
815 2710 974 2788 Glaphyro
999 2709 1063 2766 tilia
1088 2709 1229 2767 Archelai
1257 2712 1337 2788 regis
1359 2709 1478 2789 Cappa-

148 2813 252 2872 dociae
284 2813 423 2872 deluncto
450 2814 546 2890 primo
579 2813 685 2870 manto
712 2812 888 2871 Alexandro
916 2809 1048 2868 Herodis
1081 2809 1143 2867 lilio
1169 2810 1272 2885 nupsit
1296 2809 1390 2870 Iubae
1416 2815 1479 2890 regi

149 2913 353 2972 Mauretaniae
374 2904 473 2988 (Ἰόβᾳ
494 2914 549 2968 τῶν
569 2902 687 2974 Λιβύων
708 2903 857 2985 euertat).
888 2909 1040 2967 interemit
1054 2919 1153 2968 autem
1167 2910 1374 2970 Alexandrum
1396 2923 1482 2988 pater

149 3012 287 3094 Herodes
301 3014 385 3072 brevi
400 3022 533 3088 tempore
554 3019 623 3069 ante
638 3028 729 3086 quam
751 3011 814 3087 ipse
836 3017 971 3068 mortuus
992 3015 1038 3066 est
1060 3028 1087 3067 a.
1102 3031 1130 3067 u.
1146 3028 1171 3067 c.
1189 3009 1264 3081 7503
1285 3021 1356 3087 post
1376 3033 1402 3070 a.
1420 3014 1480 3072 750

150 3111 243 3191 igitur
258 3111 415 3190 Glaphyro
429 3111 559 3171 secundo
575 3110 764 3169 matrimonio
781 3110 915 3168 vacabat.
948 3108 1084 3183 Quocum
1100 3111 1247 3180 convenit,
1270 3111 1352 3186 quod
1366 3115 1479 3172 nummi

151 3215 203 3290 qui
236 3213 274 3272 ad
300 3213 481 3289 posteriores
505 3211 600 3270 Iubae
631 3229 728 3270 annos
755 3211 904 3288 pertinent
931 3207 1111 3284 Cleopatrae
1137 3227 1245 3268 nomen
1270 3227 1331 3268 non
1355 3223 1479 3286 ponunt.

152 3313 275 3376 Scilicet
295 3329 433 3372 nummos
456 3312 521 3369 eius
536 3329 646 3370 annum
667 3311 751 3388 regni
773 3312 961 3369 enuntiantes
981 3327 1049 3368 cum
1071 3326 1131 3366 non
1145 3309 1309 3369 habeamus
1329 3311 1388 3369 nisi
1410 3314 1481 3371 anni

151 3414 197 3473 VI
221 3423 251 3474 et
277 3414 316 3472 ab
343 3431 421 3470 anno
444 3411 555 3472 XXXI
581 3411 619 3469 ad
641 3409 795 3484 XLVIII,
822 3411 907 3469 illum
930 3409 999 3470 anni
1022 3408 1111 3480 sexti,
1137 3409 1169 3466 id
1191 3419 1237 3468 est
1258 3429 1286 3468 a.
1310 3430 1337 3468 ιι.
1360 3429 1385 3469 c.
1410 3413 1481 3485 734,

151 3515 307 3591 utriusque
329 3513 464 3590 coniugis
485 3530 594 3570 nomen
615 3511 727 3570 habere
742 3511 831 3570 modo
847 3511 986 3581 vidimus,
1006 3509 1037 3566 in
1049 3508 1186 3584 ,reliquis
1200 3511 1281 3569 cusis
1302 3529 1382 3568 anno
1396 3514 1481 3589 regni

152 3615 281 3687 XXXI,
312 3633 342 3674 u.
368 3631 393 3672 c.
423 3611 482 3672 759
510 3619 541 3670 et
566 3611 706 3687 deinceps
733 3612 818 3670 solus
846 3610 921 3668 Iuba
946 3609 1131 3681 nominatur,
1163 3612 1332 3686 erravitque
1359 3613 1482 3671 omnino

152 3715 331 3786 Muellerus,
358 3710 702 3788 cump.10810sephi
728 3711 898 3769 testimonio
923 3710 1059 3788 neglecto
1085 3718 1176 3786 caput
1203 3711 1347 3770 muliebre
1368 3712 1400 3770 in
1422 3731 1483 3771 uno

154 3832 258 3875 eorum
279 3813 349 3872 anni
363 3811 475 3870 XXXI
495 3810 682 3887 propositum
703 3811 822 3869 nomine
843 3811 927 3869 nullo
948 3810 1100 3886 adscripto
1122 3809 1160 3868 ad
1177 3808 1369 3888 Cleopatram
1390 3819 1484 3872 rettu-

153 3912 235 3992 lit¹).
256 3923 298 3957 '—
328 3909 503 3987 Glaphyrae
523 3909 698 3970 tribuendus
722 3919 770 3970 est
790 3911 895 3970 titulus
916 3909 1045 3968 Athenis
1073 3909 1104 3966 in
1130 3927 1199 3968 arce
1224 3921 1360 3989 repertus
1387 3911 1484 3971 adhuc

154 4015 293 4086 medius,
308 4030 397 4090 quem
411 4031 450 4070 ex
461 4010 651 4071 collectaneis
661 4009 874 4070 Koehlerianie
889 4028 1003 4070 mecum
1018 4010 1247 4070 communicavit
1257 4012 1482 4088 Dittenberger:

720 4143 930 4215 tttlornaant

706 4243 908 4314 attulerant

641 4343 891 4416 tinnovero

716 4449 847 4504 ΓγΝΑικ

157 4592 201 4650 sic
223 4589 330 4667 opinor
349 4583 563 4646 restituendus:

158 4945 172 4970 ··
235 4940 260 5003 ¹>
284 4940 408 4993 Allredta
425 4941 508 4994 Sallet
524 4941 559 4992 ad
577 4955 619 4992 me
637 4939 741 5004 scripsit
758 4945 835 5003 caput
851 4937 902 4988 hoc
914 4937 991 5003 longe
1008 4937 1129 4990 recedere
1148 4942 1180 4990 ab
1193 4941 1305 5007 imagine
1319 4940 1481 5006 Cleopatrae,

159 5032 261 5100 qualem
280 5032 419 5084 exhibeant
436 5032 534 5084 nummi
553 5032 625 5094 certi,
644 5030 744 5096 sibique
762 5029 828 5080 adeo
847 5029 920 5079 virile
939 5031 1022 5095 magis
1042 5031 1123 5082 videri
1142 5033 1226 5104 slmile
1245 5032 1324 5097 capiti
1341 5031 1486 5116 Ptolemaei

160 5137 192 5176 eo
211 5124 280 5191 quod
298 5125 411 5176 cernitur
430 5124 457 5174 in
476 5123 583 5174 denario
602 5137 629 5172 u.
650 5121 702 5172 105
721 5121 801 5172 Iubae
820 5127 846 5169 et
864 5119 1015 5171 Ptolemaei.

1244 5160 1386 5267 20¹
