3858 5960
417 521 488 592 120
923 617 931 630 ι
987 535 1164 590 mausus

411 708 556 770 ‘mutilata
575 709 673 768 adhue
698 708 837 778 cernitur,
863 725 940 784 quae
966 725 1033 765 earn
1060 707 1172 767 sacello
1198 707 1229 766 in
1251 723 1325 766 usus
1346 707 1495 766 humanos
1517 717 1565 766 est
1585 725 1740 768 conversa.

410 808 467 868 ‘Ibi
488 819 586 868 autem
607 809 754 886 proximis
774 809 881 868 diebus
900 808 1045 868 effossum
1066 817 1113 868 est
1133 809 1290 868 marmoris
1311 807 1450 880 frustum,
1471 809 1553 884 quod
1574 809 1605 866 in
1620 809 1742 868 frumis-

411 907 498 986 ‘pieio
519 910 653 970 eiusdem
679 911 783 988 templi
808 910 902 970 falsae
929 909 1117 969 arbitramur.
1160 909 1196 968 In
1217 928 1292 988 quo,
1320 925 1412 968 sensu
1432 908 1620 985 imperieoto,
1646 909 1743 969 ineisa

412 1008 506 1070 'eraut
526 1011 600 1070 haee
620 1006 734 1070 verba’:

720 1141 886 1188 AVG·1’0N
903 1144 1014 1188 ·ΜΑΧ·
1030 1144 1145 1188 Tatsva

719 1245 842 1290 CENSOR
864 1245 924 1289 COS
946 1245 1022 1288 Vlll·

718 1345 908 1389 ANTONINVS
920 1347 957 1388 Pll
970 1358 977 1375 ·
988 1345 1074 1389 AVGG
1085 1359 1093 1374 ·
1105 1345 1223 1390 astices
1239 1345 1422 1390 aestimas

414 1446 496 1509 Nam
516 1467 584 1508 aum
607 1441 711 1508 titulos
732 1449 785 1526 qui
806 1455 878 1508 snut
898 1435 1020 1508 causor
1036 1463 1097 1507 cos
1109 1463 1163 1506 viu
1184 1467 1273 1508 nemo
1294 1447 1432 1508 habuerit
1453 1448 1512 1508 nisi
1534 1446 1742 1525 Vespasianus

411 1559 442 1610 et
466 1549 571 1621 Titus,
598 1559 662 1608 tum
682 1548 891 1628 Vespasianus
918 1549 1022 1608 eodem
1049 1555 1185 1624 tempore
1211 1549 1268 1610 luit
1293 1551 1367 1627 imp.
1393 1548 1519 1622 XVIII,
1546 1567 1606 1625 quo
1635 1552 1743 1610 consul

411 1657 560 1708 octavum.
610 1648 700 1723 Quod
727 1647 1003 1709 rero'Marlianius
1030 1650 1061 1709 in
1086 1651 1174 1710 initio
1200 1669 1341 1710 versuum
1365 1650 1383 1708 2
1409 1659 1440 1708 et
1466 1652 1483 1709 3
1511 1651 1627 1709 litteras
1656 1652 1742 1726 pouit

412 1765 473 1808 carr
496 1757 527 1809 et
546 1767 604 1823 ΑΝ,
631 1768 706 1827 quas
729 1749 915 1811 Grimaldius
937 1759 1065 1810 testatur
1084 1752 1182 1811 luisse
1202 1739 1234 1810 in
1255 1751 1381 1810 alterius
1401 1749 1560 1828 fragmenti
1581 1751 1656 1824 tine,
1681 1771 1742 1812 nou

411 1851 530 1911 ridetur
550 1852 679 1923 obstare,
701 1870 767 1910 cum
786 1851 963 1912 Manlianius
985 1863 1047 1910 eas¹
1059 1852 1203 1912 facillime
1224 1851 1496 1928 potnerit'addere.
1532 1851 1630 1912 Totus
1651 1853 1743 1930 igitur

411 1952 516 2011 titulus
539 1953 584 2011 sio
605 1952 723 2044 videtur
743 1953 860 2012 restitui
881 1969 989 2031 posse:
1286 1949 1290 1956 ’

493 2111 496 2116 -
577 2089 628 2140 emp.
649 2097 706 2148 aaa.
727 2061 913 2130 usrasmaas
935 2099 944 2116 ·
964 2087 1028 2131 svo
1049 2101 1057 2116 ·
1080 2087 1155 2150 rora
1175 2101 1183 2116 ·
1205 2089 1271 2132 ω
1293 2101 1300 2116 ·
1323 2088 1439 2148 releva
1461 2094 1508 2141 poa
1529 2087 1578 2130 aare

723 2187 770 2228 iasl’
792 2201 799 2215 ·
822 2187 896 2230 xvttl
918 2201 926 2216 ·
948 2188 964 2230 Ρ
986 2202 993 2216 ·
1017 2189 1033 2230 l’
1056 2201 1072 2222 ·-
1086 2187 1210 2232 CENSOR
1231 2203 1239 2218 ·
1262 2187 1324 2231 COS
1347 2201 1355 2216 ·
1377 2189 1429 2230 VIII

577 2325 644 2377 impp.
655 2335 725 2367 cusa.
736 2323 963 2369 usvaltvsemtt
968 2325 1578 2380 Toutmvs·r11·av00·t=sttcss·aestimas

410 2425 547 2501 Apparet
567 2443 634 2485 esse
655 2426 774 2485 titulum
796 2426 926 2487 aedilicii
947 2427 1101 2488 cuiusdam
1123 2447 1142 2486 a
1156 2429 1348 2507 Vespasiano
1370 2428 1460 2500 laeti,
1481 2447 1501 2486 a
1522 2426 1668 2506 Septimio
1689 2426 1741 2490 Se·

411 2542 482 2584 vero
509 2533 539 2584 et
562 2523 720 2586 Caracallo
746 2528 887 2588 restituti.
931 2526 1092 2602 Quodnam
1116 2517 1206 2589 fuerit
1231 2529 1378 2589 incertum
1404 2529 1550 2604 relinquo.
1600 2527 1741 2607 Cogitavi

411 2625 449 2683 de
476 2627 588 2702 templo
609 2627 701 2688 Paais
727 2648 747 2687 a
763 2629 954 2708 Vespasiano
976 2637 1145 2703 exstructo,
1171 2649 1239 2689 oum
1260 2639 1421 2706 utrumque
1442 2630 1639 2706 fragmentum
1661 2631 1741 2690 haud

410 2725 500 2802 longe
521 2728 559 2787 ab
582 2729 647 2788 eius
668 2729 736 2788 loeo
756 2740 909 2808 repertum
931 2732 979 2790 sit
1015 2729 1122 2807 Neque
1142 2731 1340 2808 improbabile
1362 2741 1409 2790 est
1429 2731 1461 2789 id
1481 2730 1651 2790 restitutum
1673 2750 1740 2791 esse

410 2846 430 2885 a
449 2825 595 2904 Sepfimio
617 2827 739 2902 Severo,
761 2850 829 2890 eum
850 2832 1060 2910 deflagrarerit
1076 2831 1248 2895 Commodo
1265 2840 1419 2910 regnante,
1441 2833 1495 2892 sed
1516 2833 1651 2910 pluribus
1672 2851 1741 2892 sae·

410 2927 487 2986 aulis
509 2937 581 3006 post
594 2931 747 2990 etiamtum
762 2933 827 2991 eius
841 2933 954 2991 mentio
969 2933 1122 2992 inferatur.
1158 2933 1335 2994 Atridetur
1347 2934 1561 3011 impedimento
1576 2951 1644 2998 esse
1659 2934 1741 3010 quod

411 3026 678 3102 cassiusntooo,
696 3033 734 3092 15
756 3041 859 3092 narrat
880 3033 1022 3110 templum
1039 3034 1131 3093 Pacis
1154 3029 1200 3110 (τὸ
1223 3035 1274 3104 τῆς
1295 3023 1409 3116 Εἰρήνης
1429 3025 1554 3112 τέμενος)
1574 3035 1741 3094 dedicatum

411 3145 479 3188 esse
500 3148 528 3190 a.
544 3131 593 3201 75,
615 3131 771 3208 inscriptio
793 3151 864 3191 vero
884 3133 939 3192 illa
959 3140 1008 3192 est
1028 3135 1099 3193 anni
1115 3133 1163 3193 78.
1200 3133 1332 3196 Videant
1352 3135 1444 3214 igitur
1464 3135 1646 3214 topographi
1668 3153 1738 3193 nam

410 3230 459 3287 cai
481 3231 533 3288 alii
554 3232 622 3290 aedi
643 3232 838 3309 probabiliter
859 3233 981 3293 attribui
1003 3235 1110 3310 possit.

1086 3469 1089 3478 ι

975 3484 1178 3494 -ι--η-

1062 3705 1091 3762 3.

492 3815 680 3878 Notissimns
704 3823 751 3878 est
776 3819 883 3880 titulus
908 3822 1014 3899 ingens
1039 3821 1154 3884 fractus
1175 3823 1284 3884 litteris
1308 3823 1380 3884 olm
1401 3842 1472 3883 aere
1491 3823 1627 3901 repletis,
1648 3841 1736 3899 quem

409 3936 489 3978 nuno
509 3925 659 3978 extantem
673 3918 789 3978 Romae
810 3921 841 3979 in
862 3921 950 3994 domo
964 3922 1144 3984 Barbarinia
1163 3933 1314 4003 repertum
1334 3943 1402 3985 esse
1423 3945 1451 3984 a.
1469 3923 1545 3983 1641
1569 3924 1601 3982 in
1623 3924 1672 3982 via
1692 3925 1739 3982 del

391 4039 492 4081 *corso
517 4021 548 4079 in
573 4021 639 4079 foro
660 4019 784 4082 Seiana
810 4027 938 4082 testatur
961 4025 1124 4084 Martinelli
1151 4025 1245 4084 Roma
1265 4029 1407 4086 rieeroata
1433 4044 1462 4102 p.
1481 4023 1539 4084 108
1566 4024 1613 4094 ed,
1632 4024 1739 4083 Venet.

413 4122 492 4182 1766
519 4122 566 4180 his
588 4121 702 4180 verbis:
731 4119 828 4182 Panno
848 4122 926 4184 1611
951 4127 1179 4185 aeovandost‘ia
1200 4128 1278 4186 detta
1295 4131 1402 4206 pineta
1422 4125 1578 4203 (Soiarro)
1594 4127 1634 4201 sa
1654 4127 1738 4184 ritro-

411 4234 475 4283 vato
496 4241 535 4281 aa
551 4225 684 4298 pietrone
704 4221 872 4286 dimersio.
916 4223 995 4284 Eum
1017 4225 1165 4303 descripsi
1188 4227 1247 4287 sie:

959 4351 1007 4409 Tl
1033 4373 1040 4388 ·
1063 4351 1190 4412 CLAV

1065 4453 1191 4513 avet
1226 4441 1228 4448 “

959 4569 974 4610 r
990 4567 1012 4611 0
1028 4571 1049 4611 a
1062 4570 1102 4613 rr
1118 4571 1134 4613 r
1149 4571 1157 4612 ι
1173 4500 1197 4653 c}

1001 4669 1061 4713 cos
1075 4684 1082 4698 ·
1097 4661 1141 4712 v·
1159 4658 1198 4713 ud

863 4773 873 4810 o
959 4770 1097 4816 sartarvs
1123 4785 1131 4800 ·
1158 4700 1199 4818 ecl

1002 4872 1095 4916 isoes
1110 4887 1116 4900 ·
1131 4875 1178 4917 aar

964 4953 967 4958 ’
1001 4973 1190 5018 νιιΑ·ιΑσινι

960 5044 1138 5128 strumosi:
1157 5088 1164 5102 ·
1184 5074 1209 5116 rs

962 5156 1193 5218 ruluvsuaorcr
