3826 5962
714 648 980 705 Mlscncnsttltn.

649 815 708 875 Sex
721 849 727 862 ·
743 835 879 879 somerio
896 851 903 866 ·
916 835 971 878 sex
983 849 990 864 ·
1003 821 1051 880 Fu

784 937 908 980 maino

482 1019 503 1055 ⁸
647 1034 813 1079 ssceanorr
841 1051 848 1064 ·
875 1035 961 1080 sons
988 1051 995 1066 ·
1018 1037 1050 1079 m

649 1134 730 1178 vrcrr
746 1151 752 1163 ·
768 1120 794 1180 ιι
811 1137 917 1180 marm
931 1152 938 1166 ·
950 1139 1053 1182 raram

593 1238 604 1275 s
647 1221 1053 1290 Qcoaemualacnross

647 1335 806 1380 rsasrvm
843 1353 849 1366 ·
884 1337 1052 1382 secerno

651 1423 1053 1482 ras·soars·ravrcr1·ir

650 1536 696 1580 os
722 1537 881 1581 aaronem
907 1541 946 1581 ετ
967 1540 1052 1582 aaut

648 1637 799 1682 rs·s1vs
822 1652 829 1666 ·
852 1638 988 1684 sereres·
1013 1640 1053 1684 aa

583 1741 609 1780 ιε
796 1738 850 1780 sar

187 1842 358 1918 Descripsit
379 1840 550 1920 Helbigius,
571 1841 637 1917 ipse
659 1841 771 1920 contuli
794 1849 824 1900 et
845 1844 972 1926 correxi.

181 1977 182 1980 =
226 1944 328 2016 Patres
354 1943 431 2002 inter
457 1951 571 2020 septem
598 1942 710 2020 gradm
738 1960 841 2001 eorum
862 1943 914 2017 qui
936 1945 1088 2020 mysteriis
1110 1945 1278 2006 Mithriacis
1299 1948 1408 2008 initiati
1429 1962 1515 2012 erant

186 2041 237 2120 (cl.
260 2043 464 2120 Hieronymus
487 2043 574 2118 epist.
594 2041 651 2100 107
674 2042 713 2100 ad
733 2041 873 2117 Laetam)
896 2043 1022 2120 gradmn
1045 2045 1224 2104 altissimum
1245 2059 1407 2123 occupant,
1430 2064 1517 2128 pater

186 2142 278 2221 igitur
294 2153 415 2219 patrum
435 2161 585 2203 summum
608 2143 739 2200 omnium
761 2143 858 2200 locum
880 2143 996 2202 obtinet
1015 2162 1071 2220 pro
1087 2162 1263 2222 summoque
1277 2147 1406 2210 Mithres
1420 2170 1517 2212 sacer·

187 2245 257 2304 dote
279 2243 434 2304 habendus
455 2253 509 2304 est.
549 2241 665 2319 Siglum
687 2243 713 2302 tlt
733 2261 842 2302 nomen
856 2243 985 2302 Mithrae
1007 2244 1120 2304 indicet
1141 2246 1231 2304 etiam
1251 2247 1284 2305 in
1299 2248 1386 2308 titulo
1401 2253 1516 2312 urbano

188 2343 262 2420 (Vl,
279 2343 368 2419 737),
396 2362 484 2419 quem
510 2345 624 2420 primus
651 2343 744 2404 edidit
765 2342 917 2404 Brunnius
943 2345 1027 2402 Ball.
1050 2344 1118 2404 dell’
1131 2346 1203 2406 Iast.
1222 2347 1301 2406 1862
1323 2369 1353 2426 p.
1371 2351 1430 2411 150
1442 2371 1517 2431 seq,

188 2443 407 2522 depingendum
434 2445 550 2504 curavit
572 2442 699 2504 Carolus
722 2443 895 2502 Lndovicus
910 2443 1049 2528 Viscontj
1074 2446 1105 2504 in
1132 2447 1289 2506 annalibus
1311 2449 1443 2514 eiusdem
1466 2453 1517 2511 In·

186 2546 284 2604 stituti
306 2565 333 2604 a.
352 2543 432 2603 1864
453 2545 485 2602 in
506 2544 609 2602 tabula
631 2545 750 2604 adnexa
770 2542 800 2602 N
822 2543 875 2622 (ci.
898 2563 927 2620 p.
946 2543 1121 2621 lllseqq.).
1136 2577 1178 2589 -
1199 2544 1257 2630 Yv.
1274 2548 1301 2606 5.
1319 2549 1337 2608 6
1359 2549 1517 2625 legendum

186 2655 233 2706 est
253 2647 310 2706 sic:
339 2662 515 2719 Qtheasett
529 2659 656 2706 eorem·
673 2659 826 2704 senseras
841 2659 1069 2706 coeanensium.
1112 2644 1356 2723 Quinquennales
1377 2650 1518 2730 collegio·

186 2766 253 2804 rum
276 2746 392 2805 ostendi
414 2746 483 2806 alibi
507 2745 602 2821 (Ball.
624 2745 691 2803 dett
707 2747 780 2804 Iast.
799 2746 875 2803 1871
899 2765 928 2821 p.
948 2745 1005 2804 148
1014 2746 1112 2821 seqq.)
1134 2747 1167 2806 in
1188 2748 1297 2822 quinos
1319 2767 1426 2822 annos,
1447 2771 1517 2824 non,

188 2853 221 2904 ut
246 2847 483 2922 quinquennales
511 2845 754 2922 municipiorum,
782 2846 813 2903 in
838 2845 973 2920 quintum
998 2863 1146 2922 quemque
1171 2861 1281 2906 annum
1307 2858 1423 2908 creatos
1449 2871 1518 2912 essa

189 2947 282 3005 allato
314 2947 480 3023 fragmento
510 2946 654 3004 fastorum
683 2946 803 3020 collegii
830 2945 1001 3016 cuiusdam,
1033 2945 1065 3004 in
1093 2947 1201 3021 quibus
1230 2957 1300 3023 post
1326 2950 1419 3026 quina
1447 2969 1518 3011 con·

189 3046 286 3104 sulum
312 3048 397 3122 paria
422 3046 660 3123 quinquennales
687 3063 742 3103 sex
770 3063 893 3103 numero
919 3051 1080 3122 ponuntur.
1124 3045 1160 3104 Id
1186 3047 1345 3125 collegium
1371 3067 1438 3108 cum
1464 3071 1520 3128 per

77 3231 79 3236 ,
188 3147 285 3205 lustra
316 3147 412 3206 iustos
444 3165 514 3206 suos
546 3146 679 3215 ordinet,
715 3144 804 3202 facile
835 3143 1032 3220 intellegitur,
1067 3163 1120 3204 cnr
1151 3147 1255 3222 quinto
1288 3166 1407 3224 quoque
1440 3170 1519 3211 anno

189 3247 351 3326 magistros
382 3247 518 3318 mutarit,
546 3245 782 3320 crediderimque
810 3261 1006 3320 quaecunque
1032 3245 1159 3322 collegis
1179 3263 1246 3306 non.
1261 3248 1301 3306 ad
1320 3267 1432 3322 annos,
1465 3254 1520 3312 sed

189 3348 228 3406 nd
253 3349 351 3408 lustra
375 3355 546 3418 numerent,
572 3346 603 3405 id
630 3345 710 3422 quod
737 3363 829 3421 saepe
854 3363 912 3406 usu
933 3345 1034 3407 venire
1061 3355 1164 3408 notum
1190 3355 1250 3419 est,
1279 3349 1440 3425 magistros
1466 3353 1520 3411 hs·

189 3448 291 3508 baisse
323 3447 561 3526 quinquennales
594 3447 691 3512 dictos
723 3457 753 3504 et
783 3452 865 3504 recte
896 3453 957 3504 tam
990 3431 1028 3508 ει
1059 3447 1162 3506 lusnu's
1191 3447 1387 3524 collegiorum
1417 3451 1521 3528 colligi

190 3551 350 3626 magistros
375 3549 470 3608 inisse
496 3547 733 3624 quinquennales
757 3564 849 3622 quam
875 3564 914 3604 ex
939 3547 1092 3622 magistris
1113 3547 1384 3624 quinquennalibus
1405 3558 1520 3630 tentpo·

188 3669 255 3710 rum
277 3649 314 3708 ad
335 3649 433 3708 lustra
454 3647 696 3723 descriptionem.
716 3678 755 3692 -
786 3646 929 3708 Treiectua
950 3647 1003 3722 qui
1030 3657 1280 3708 commemoratur
1300 3649 1365 3709 sive
1385 3656 1520 3712 ιναιωιεε

190 3749 277 3808 locus
299 3748 415 3808 videtur
436 3766 513 3821 esse,
534 3766 594 3824 quo
615 3749 727 3808 flumen
747 3746 872 3824 aliquod
893 3746 1124 3807 ususveuuntur
1145 3749 1284 3823 scaphae,
1310 3750 1341 3808 id
1362 3759 1410 3810 ast
1430 3755 1520 3812 statio

192 3847 431 3923 scaphariorum,
463 3854 496 3905 ut
523 3847 656 3906 Venetiis
687 3848 807 3908 nomine
839 3847 938 3906 adhuc
957 3854 1088 3909 utuntur
1115 3847 1196 3920 quod
1224 3857 1272 3906 est
1298 3859 1408 3908 traetta
1455 3851 1521 3910 lam

192 3967 260 4006 cnm
293 3947 482 4006 inveniantur
511 3945 616 4006 Ostiae
648 3965 757 4024 corpus
789 3947 1006 4022 scaphas-iorum
1038 3954 1064 4003 et
1096 3944 1356 4005 lenunculartonsm
1389 3953 1521 4009 traiectus

192 4047 311 4107 Luculli
334 4045 442 4123 (Orell.
464 4047 559 4124 4109)
587 4055 617 4105 ει
642 4045 921 4124 q(uin)q(ueanalta)
944 4049 1072 4104 treiectus
1092 4062 1262 4102 marmenem
1284 4043 1392 4118 (Orell.
1413 4047 1521 4124 4106),

192 4153 322 4208 treiectus
344 4165 462 4224 quoque
485 4151 672 4224 topateaaiam
697 4147 734 4206 ad
757 4146 872 4206 Ostiam
896 4146 1011 4204 videtur
1031 4144 1204 4202 referendus
1226 4160 1308 4216 esse,
1331 4145 1521 4222 'rogatenses

191 4256 292 4309 autern
313 4249 539 4324 scaphariorum
561 4248 685 4323 aliquod
705 4247 800 4306 fuisse
823 4247 991 4324 collegium.
1036 4241 1096 4317 Qui
1121 4243 1329 4303 nundinantur
1353 4245 1521 4322 Topeteases

191 4369 253 4409 non
274 4349 439 4426 perspicio:
462 4349 601 4407 videntur
622 4357 722 4406 tamen
743 4348 845 4423 aliquo
867 4347 955 4404 modo
978 4343 1128 4403 coniuncti
1143 4361 1208 4402 esse
1222 4362 1288 4401 cnm
1303 4345 1428 4422 togatis3
1451 4363 1522 4406 nam

191 4450 419 4509 declinationem
447 4466 524 4524 quae
553 4457 600 4507 est
626 4447 702 4508 eneis
730 4467 791 4506 non
819 4449 858 4506 ad
885 4445 1048 4504 civitatium
1075 4443 1196 4502 nomina
1223 4443 1291 4502 sola
1316 4452 1398 4504 recte
1427 4445 1522 4524 appli-

193 4551 253 4608 cari
275 4559 445 4609 monstrant
464 4549 578 4608 formae
599 4566 677 4624 quae
700 4556 771 4606 sunt
793 4548 966 4617 Cicineaees,
989 4545 1182 4615 Qatrtaeneec,
1204 4544 1396 4604 Pas-inneasee
1421 4545 1523 4620 (Hen-

194 4668 251 4707 aen
266 4647 375 4726 7216),
405 4650 537 4708 fortasse
565 4649 656 4707 etiam
683 4665 824 4706 senenses
853 4646 904 4722 (cl.
927 4646 965 4704 de
986 4645 1077 4704 Rossi
1099 4644 1180 4704 Ball.
1204 4645 1235 4702 cti
1256 4647 1379 4705 ercleol.
1402 4633 1521 4708 emta

195 4767 225 4824 p.
241 4747 279 4804 57
288 4751 397 4824 seqq).
438 4749 562 4825 Toputoa
584 4767 604 4806 a
617 4751 687 4823 soro
709 4749 791 4806 etde
812 4749 972 4805 ascensorio
987 4744 1093 4805 Ostiae
1114 4745 1254 4804 novimus
1276 4744 1343 4822 (Or.
1360 4745 1466 4822 4109).
1483 4777 1521 4790 -

196 4846 342 4906 Formulc
363 4865 440 4922 qnae
461 4849 492 4907 in
513 4850 572 4908 line
593 4847 798 4923 inscriptionis
820 4855 867 4906 est
887 4864 996 4922 semper
1017 4845 1101 4904 tate
1119 4845 1192 4902 mihi
1214 4855 1244 4904 et
1264 4863 1343 4902 nova
1361 4855 1409 4903 est
1427 4856 1457 4904 et
1471 4865 1524 4920 pa-

196 4965 262 5005 rurn
284 4945 479 5024 intellegitur:
501 4949 634 5028 cogitavi
654 4947 751 5025 primo
767 4945 803 5004 de
817 4947 919 5004 littera
933 4946 949 5003 b
963 4945 1030 5003 loco
1043 4945 1161 5003 litterae
1175 4963 1193 5002 c
1206 4946 1316 5022 posita,
1338 4945 1380 5001 ita
1395 4953 1429 5002 nt
1441 4945 1524 5002 tuter

198 5047 342 5123 scriptum
365 5045 406 5104 sit
425 5065 482 5122 pro
502 5059 577 5108 anet:
600 5047 653 5107 sed
674 5065 772 5122 neque
792 5047 868 5104 haec
881 5045 1011 5106 formula
1024 5044 1144 5103 aliunde
1159 5051 1231 5102 nota
1244 5053 1291 5104 est
1304 5060 1401 5119 neque
1416 5042 1525 5104 vitiosa

197 5165 234 5204 sa
254 5147 405 5224 scriptura
426 5149 564 5208 convenit
584 5146 670 5207 titulo
691 5155 771 5207 reete
792 5155 823 5206 ει
843 5155 981 5212 accurate
1001 5145 1177 5222 perscripto.
1243 5227 1247 5236 Ι

1231 5287 1301 5390 «ιε
