3858 5960
193 1490 267 1602 lle
304 1494 559 1630 praefecto
598 1489 883 1600 caseorum
922 1493 974 1600 et
1006 1493 1259 1628 praefecto
1292 1497 1523 1634 legionis,

277 1983 473 2060 Reipublicae
493 1980 651 2042 Romanae
673 1975 807 2036 condicio
829 1977 985 2055 formaque
1008 1979 1150 2040 universa
1171 2000 1238 2044 cum
1260 1987 1334 2045 satia
1357 1988 1432 2048 bene
1454 2009 1524 2070 cog-

193 2091 336 2142 noscatur
357 2103 403 2156 ea‚
426 2101 501 2160 quae
523 2080 628 2159 primis
650 2077 720 2138 inde
741 2076 916 2138 aansaris
932 2081 1122 2158 Augustique
1143 2091 1243 2143 aetate
1264 2089 1393 2150 saeculis
1415 2091 1442 2150 si
1464 2112 1524 2152 non

194 2183 321 2243 florebat
341 2191 373 2242 at
393 2183 536 2256 durabat,
564 2199 619 2240 nec
640 2179 738 2239 minus
761 2197 813 2250 ea,
841 2181 926 2238 cuius
947 2180 1071 2242 notitiae
1092 2181 1269 2260 dignitatum
1291 2189 1447 2268 utriunque
1469 2195 1525 2254 im-

192 2284 269 2362 perii
290 2285 438 2364 insignem
459 2291 630 2359 proponunt
651 2279 821 2357 imaginem,
842 2280 915 2340 iuria
936 2281 1020 2340 illam
1040 2282 1128 2342 libris
1150 2285 1240 2344 etiam
1255 2293 1423 2352 accuratius
1438 2295 1524 2356 illus·

193 2395 312 2459 tratum
334 2385 530 2462 interipsum
552 2381 665 2442 saeculi
686 2381 775 2458 primi
797 2381 982 2458 secundique
1003 2389 1033 2442 at
1054 2384 1167 2444 saeculi
1188 2389 1288 2463 quarti
1302 2392 1456 2470 quintique
1470 2397 1525 2455 im·

192 2485 270 2562 perii
291 2493 402 2545 statum
423 2503 489 2544 curu
511 2485 544 2542 in
565 2485 654 2542 rebus
676 2481 814 2541 civilibus
836 2491 899 2542 tutu
921 2483 952 2540 in
973 2483 1153 2544 militaribus
1174 2496 1258 2546 tanta
1277 2497 1325 2549 est
1349 2492 1525 2570 differentia,

194 2593 227 2645 ut
247 2585 397 2662 quomodo
419 2585 494 2644 alter
515 2602 554 2643 ex
576 2584 671 2644 altero
693 2591 777 2641 ortus
800 2583 840 2641 eit
860 2582 940 2640 haud
961 2583 1048 2641 iacile
1062 2586 1260 2662 perspiciatur
1275 2600 1364 2666 atque
1379 2613 1415 2652 eo
1429 2615 1524 2671 paene

192 2686 317 2746 inclinet
342 2686 460 2763 opinio,
486 2703 565 2744 nova
591 2685 714 2744 omniuo
739 2683 923 2758 reipublicae
950 2685 1116 2743 senescenti
1141 2686 1335 2748 fundamenta
1355 2694 1435 2753 iacta
1455 2715 1524 2756 esse

193 2787 232 2846 ab
253 2787 492 2864 imperatoribus,
518 2786 571 2862 qui
592 2783 714 2844 saeculo
735 2783 824 2843 tertio
845 2793 972 2842 exeunte
994 2793 1024 2842 et
1044 2785 1166 2845 ineunte
1187 2799 1294 2864 quarto
1315 2793 1417 2852 orbem
1437 2815 1525 2856 rexe-

193 2887 263 2947 rint.
299 2887 412 2948 Verum
433 2887 513 2946 euim
530 2905 602 2946 vcro
624 2886 722 2945 iorma
741 2883 925 2961 reipublicae
946 2903 1023 2960 quae
1045 2884 1152 2944 dicitur
1167 2885 1418 2953 Constantiniana
1432 2895 1524 2956 baud·

193 3006 344 3066 quaquam
373 3005 452 3047 nora
477 2987 676 3064 absolutaque
701 3004 741 3044 ex
766 2983 949 3043 Diocletiani
972 2982 1223 3065 Constantiuique
1249 2991 1378 3068 ingeniis
1404 2997 1525 3072 prodiit,

195 3089 258 3161 aad,
280 3091 483 3166 utAuguatus
505 3089 588 3158 olim,
610 3105 686 3164 quas
708 3086 810 3162 priora
830 3091 967 3161 tempora
983 3085 1187 3147 institutiones
1202 3092 1398 3167 protulerant,
1419 3099 1524 3160 recisis

195 3208 272 3266 quae
298 3207 403 3264 pamm
432 3197 521 3266 aptae
550 3187 737 3260 uidebantur,
765 3186 832 3262 ipse
859 3187 997 3258 retinuit,
1029 3205 1125 3246 novas
1158 3190 1294 3251 modeste
1320 3193 1448 3269 addidit,
1481 3200 1525 3259 sic
1617 3207 1623 3214 “

194 3289 240 3348 illi
265 3307 384 3366 quoque
411 3291 606 3364 imperatores
633 3287 722 3364 plura
742 3295 866 3363 accepta
887 3305 906 3344 a
926 3287 1076 3362 prioribus
1098 3301 1294 3351 servaverunt
1317 3295 1413 3372 magis
1434 3316 1525 3374 quarn
1544 3329 1563 3352 .-

194 3407 275 3448 nova
299 3396 494 3466 procrearunt
520 3390 557 3448 ab
585 3388 661 3465 ipais
685 3386 823 3464 primitus
845 3387 976 3447 inuenta.
1020 3385 1138 3462 Quodsi
1159 3390 1196 3448 de
1217 3393 1354 3470 Augusto
1375 3397 1451 3456 illud
1473 3419 1524 3458 no·

193 3497 258 3548 tum
286 3495 334 3548 est
361 3507 416 3549 uec
443 3488 531 3548 iacile
560 3497 700 3567 negatur,
730 3487 767 3545 de
796 3486 988 3546 Diocletiano
1016 3496 1115 3548 autem
1139 3487 1397 3572 constantinoque
1426 3500 1525 3560 minua

194 3599 307 3662 nomm,
329 3590 386 3648 boc
407 3589 544 3664 inprimis
566 3588 596 3646 iu
618 3595 787 3659 causaest,
809 3587 890 3662 qnod
911 3587 948 3645 de
970 3595 1068 3648 aetate
1089 3608 1166 3666 quae
1180 3593 1349 3670 Augustam
1371 3601 1526 3660 antecede-

194 3692 246 3749 bat
266 3691 364 3750 fontes
385 3689 537 3766 profluunt
557 3697 588 3746 et
608 3687 685 3764 largi
707 3688 782 3746 satis
803 3695 834 3745 et
854 3687 936 3759 boni,
962 3689 1041 3746 uude
1063 3691 1169 3750 notitia
1189 3692 1310 3753 illarum
1332 3716 1430 3758 rerum
1452 3700 1527 3760 hau·

193 3791 297 3863 riatur,
324 3799 429 3850 contra
448 3788 673 3850 Diocletianum
699 3787 852 3865 praecedit
877 3787 1031 3845 saeculum
1061 3791 1193 3848 omnium
1215 3811 1293 3868 quae
1313 3799 1443 3873 populus
1464 3799 1526 3860 Ro.

193 3909 300 3950 manus
322 3891 397 3950 vidit
422 3889 645 3960 tristissimum,
673 3905 733 3966 quo
759 3887 919 3963 imperium
944 3889 1080 3963 pestibus
1106 3898 1195 3965 atque
1217 3891 1303 3950 bellis
1325 3899 1459 3957 externis
1481 3897 1526 3958 iu-

193 3991 370 4067 testinisque
392 3990 535 4050 contiuuo
556 3991 720 4049 laceratum
734 4005 830 4066 paene
845 3987 1004 4064 expiravit,
1027 3997 1117 4063 atque
1130 3989 1209 4048 iuter
1221 3991 1357 4053 miserias
1372 3996 1525 4058 bominum

193 4091 441 4168 calamitatesque
463 4091 595 4151 silebant
615 4109 728 4150 musae.
768 4087 835 4147 Nec
855 4095 955 4145 tamen
976 4105 1080 4147 omnes
1101 4089 1223 4148 illorum
1245 4099 1412 4169 temporum
1433 4103 1525 4159 testea

122 4199 127 4207 '
193 4192 423 4264 obmutuerunt,
446 4191 501 4250 sed
521 4210 617 4270 genus
639 4189 788 4267 quoddam
810 4197 962 4248 servatum
984 4196 1032 4246 est
1053 4189 1080 4247 si
1100 4206 1161 4247 non
1183 4189 1328 4250 disertum
1350 4202 1525 4272 etcertum,

192 4293 334 4369 quodque
362 4291 543 4369 merissima
569 4308 706 4368 quaeque
734 4298 815 4349 recte
841 4289 1039 4365 interroganti
1066 4288 1218 4350 iudicabit
1266 4289 1331 4352 Scit
1362 4297 1442 4354 enim
1473 4299 1525 4374 qui

192 4391 363 4470 paullulum
388 4392 427 4450 ad
454 4391 667 4468 inscriptiones
694 4409 748 4468 per
774 4389 877 4449 orbem
898 4388 1065 4448 Romanam
1093 4407 1213 4467 sparsas
1235 4393 1365 4454 animum
1387 4395 1525 4472 advertit,

192 4509 285 4567 quam
311 4493 407 4551 multa
433 4493 471 4552 dc
496 4493 561 4552 eius
588 4493 699 4568 ipsius,
725 4491 762 4549 de
788 4509 848 4566 quc
872 4489 1034 4567 loquimur,
1060 4492 1129 4550 aevi
1149 4492 1276 4552 historia
1296 4502 1435 4573 statuque
1455 4498 1525 4558 iude

193 4591 272 4651 disci
297 4593 424 4670 possint
469 4590 564 4651 Cuius
590 4592 635 4650 rei
662 4591 800 4667 exempla
825 4591 970 4649 nonnulla
997 4591 1055 4648 boc
1083 4591 1151 4650 loco
1178 4591 1249 4651 dare
1277 4594 1307 4652 iu
1335 4597 1436 4655 amnuo
1462 4609 1523 4672 eat;

192 4691 312 4751 initium
339 4699 440 4752 autem
465 4693 592 4751 iacimus
619 4691 657 4750 ab
682 4691 817 4758 instituto
843 4689 946 4765 aliquo
966 4691 1104 4763 militari,
1132 4691 1171 4750 ad
1193 4693 1273 4768 quod
1298 4713 1405 4770 parum
1426 4698 1525 4758 adhuc

194 4793 386 4851 attenderunt
400 4791 458 4851 viri
472 4791 552 4852 docti
562 4791 602 4869 ¹),
624 4792 828 4869 praefecturae
844 4789 910 4849 dico
925 4796 1092 4850 castrorum
1107 4798 1137 4850 et
1150 4792 1288 4869 legionis,
1310 4813 1436 4871 quarum
1450 4799 1524 4858 alte·

192 4911 258 4950 ram
280 4911 320 4952 ex
334 4892 430 4951 altera
451 4901 548 4952 ortam
570 4910 638 4953 esse
659 4890 871 4952 demonstrabo
892 4890 982 4968 idque
1003 4892 1153 4968 quomodo
1174 4898 1205 4952 et
1226 4912 1286 4972 quo
1307 4901 1440 4975 tempore
1461 4897 1523 4958 iae-

193 5001 258 5050 tum
279 4992 319 5051 ait
341 5011 502 5070 exponam.

194 5125 399 5144 ..ὼ-

271 5209 296 5273 1)
324 5211 393 5263 Nam
418 5227 484 5278 quaa
509 5215 542 5264 de
560 5213 601 5264 hia
626 5215 774 5266 muneribus
793 5215 832 5265 rel
857 5215 889 5264 de
909 5215 1030 5266 alterum
1049 5229 1137 5266 comm
1157 5223 1332 5280 exposcemut
1349 5217 1415 5268 Luci.
1434 5217 1523 5284 Lange

194 5299 255 5352 bist.
280 5302 453 5356 mutationum
476 5305 514 5355 rei
539 5305 613 5356 milit.
633 5305 809 5358 Romanomm
829 5304 979 5370 (Gottingae
1000 5305 1080 5368 1846)
1099 5321 1124 5370 p.
1140 5307 1174 5358 te
1200 5313 1225 5356 et
1247 5307 1401 5371 Marquardt
1419 5305 1523 5358 Haudb.

1279 5395 1297 5452 6
