3858 5960
642 665 857 727 numurus
877 676 1033 729 errrore.
1428 668 1498 737 113

167 767 1498 797 *mm—W.-

166 845 324 906 honorarii
345 843 549 903 Romanorum
578 842 617 901 ad
643 843 779 902 homines
809 833 951 904 senatorii
978 848 1093 908 ordinis
1119 859 1256 926 spectant
1282 853 1417 929 inprimis
1437 875 1501 930 eos,

166 948 220 1022 qui
241 945 413 1023 provincias
435 944 720 1004 administraverint.
765 943 879 1005 Contra
900 965 977 1023 quae
1000 947 1114 1010 Seneca
1134 968 1181 1027 ep.
1198 951 1248 1025 95,
1263 951 1302 1011 tt
1325 953 1362 1013 de
1382 955 1419 1015 P.
1440 956 1501 1017 Oc-

166 1047 251 1105 tavio
272 1054 389 1118 narrat,
411 1046 450 1118 ab
472 1064 507 1104 eo
530 1046 674 1115 mullum,
696 1063 785 1121 quem
807 1047 949 1106 Tiberius
972 1047 1086 1108 Caesar
1107 1051 1137 1109 in
1160 1053 1318 1112 macellum
1340 1055 1449 1116 deferri
1471 1069 1501 1118 et

167 1149 271 1208 venire
292 1147 448 1218 iussisset,
471 1147 583 1223 ingenti
605 1147 701 1222 pretio
723 1154 835 1206 emtum
856 1165 934 1220 esse,
957 1149 1046 1208 etiarn
1068 1151 1107 1208 ad
1127 1153 1213 1212 illurn
1234 1155 1417 1231 praefectum
1438 1159 1499 1230 Ae-

166 1249 251 1325 gypti
278 1247 382 1306 reterri
410 1255 551 1324 possunt,
578 1249 755 1324 praesertim
782 1267 850 1306 cum
876 1249 1024 1310 eiusmodi
1050 1252 1172 1312 luxuria
1197 1255 1382 1331 frequentior
1408 1260 1498 1318 etiam

165 1349 329 1408 inordina
354 1348 488 1424 equestri
514 1367 605 1425 quam
631 1349 662 1406 in
689 1349 842 1408 senatorio
867 1349 963 1410 fuisse
987 1352 1134 1412 videatur.
1178 1351 1255 1414 Cum
1277 1375 1348 1415 vero
1375 1367 1498 1435 uterque

165 1449 202 1508 P.
220 1449 367 1509 Octavius
388 1449 468 1508 idem
489 1466 638 1508 essenon
659 1450 765 1526 possit,
787 1449 863 1508 nihil
883 1451 1015 1528 impedit,
1038 1454 1196 1528 quominus
1213 1455 1298 1514 illum
1313 1460 1495 1533 praefectum

166 1550 256 1608 huius
277 1549 467 1628 proconsulis
489 1559 605 1626 patrem
625 1549 720 1610 luisse
740 1557 889 1628 putemus.
933 1551 1117 1628 Temporum
1138 1555 1269 1614 rationes
1290 1557 1359 1616 huic
1381 1561 1497 1620 coniec-

165 1659 252 1709 turae
278 1651 396 1723 favent3
423 1659 580 1727 praeterea
605 1651 711 1710 titulus
738 1651 859 1710 Atticus
886 1651 1070 1712 demonstrat
1093 1654 1196 1714 Publii
1223 1655 1344 1716 Octavii
1370 1679 1496 1734 procon-

166 1751 244 1809 sulis
265 1759 381 1828 patrem
402 1752 472 1810 item
494 1751 636 1811 Publium
657 1751 766 1824 fuisse,
788 1751 872 1812 cuius
894 1753 936 1810 rei
959 1769 995 1811 eo
1017 1753 1113 1813 mains
1133 1767 1314 1816 momentum
1336 1769 1392 1830 est,
1414 1763 1498 1836 quod
1586 1780 1589 1787 ¹

167 1851 225 1910 hec
255 1870 436 1929 praenomen
463 1859 619 1930 praeterea
644 1851 762 1910 iubae
789 1860 879 1930 geute
906 1853 1027 1912 omnino
1054 1873 1116 1912 nou
1143 1856 1301 1916 invenitur.
1356 1858 1496 1938 Denique

164 1952 256 2012 etiarn
278 1952 360 2012 alind
382 1953 421 2018 ad
441 1953 518 2012 hauc
538 1953 738 2012 coniecturam
760 1953 992 2013 confirmandam
1012 1955 1114 2013 valere
1134 1947 1222 2032 puto:
1245 1957 1360 2018 Omnes
1382 1961 1497 2020 scilicet

167 2051 303 2127 Octavii,
331 2057 384 2132 qui
405 2055 517 2115 liberae
537 2053 721 2130 reipublicae
742 2061 875 2132 tempora
896 2054 935 2113 ad
956 2055 1150 2131 magistratus
1172 2058 1301 2118 maiores
1322 2078 1494 2135 pervenere,

164 2174 205 2212 ex
227 2153 284 2215 Cn.
308 2155 428 2216 Octavii
448 2155 534 2228 Rufi,
556 2155 726 2231 quaestoris
748 2173 828 2212 anno
843 2153 904 2212 230
919 2174 946 2213 a.
963 2153 1045 2227 chr,
1065 2155 1208 2233 progenie
1227 2166 1298 2218 suut
1319 2159 1496 2236 (Drumaun

164 2254 248 2315 nisa
267 2257 355 2316 Rom.
373 2257 417 2328 lV
437 2276 468 2333 p.
484 2255 569 2333 218).
613 2256 715 2331 Atque
740 2255 863 2322 maioris
889 2255 1009 2332 quidem
1031 2256 1100 2329 lilii,
1128 2255 1183 2316 On.
1207 2257 1327 2319 Octavii
1346 2265 1496 2338 praetoris

166 2355 229 2414 205
244 2377 270 2416 a
286 2356 357 2417 Chr.
380 2359 509 2436 posteri,
531 2357 585 2432 qui
605 2355 644 2414 sd
665 2373 799 2415 summos
821 2355 852 2414 in
873 2356 1027 2432 republica
1047 2358 1176 2417 honores
1197 2371 1412 2437 pervenerunt,
1434 2373 1512 2423 om·'

164 2474 220 2516 nes
244 2467 296 2516 aut
321 2458 415 2518 Gnaei
434 2467 487 2516 aut
507 2457 608 2516 Marci
627 2475 809 2534 praenomen
830 2465 1001 2532 gesserunt,
1029 2465 1149 2532 praeter
1169 2477 1260 2526 unum
1282 2447 1404 2522 Luciam
1425 2482 1495 2523 con·

165 2559 264 2618 sulem
286 2559 324 2618 75
340 2579 367 2620 a.
383 2557 454 2620 Chr.
497 2558 625 2630 Minoris
645 2557 701 2616 tilii
723 2554 758 2616 0.
777 2556 896 2616 Octavii
917 2557 1081 2633 progenies
1097 2558 1128 2616 iu
1149 2559 1253 2618 ordine
1274 2563 1407 2638 equestri
1429 2583 1496 2640 per-

165 2661 276 2718 mansit
296 2678 390 2738 usque
412 2660 451 2718 ad
466 2657 500 2720 Ο.
516 2656 677 2717 Octavium
695 2665 865 2733 praetorem
881 2657 918 2715 61
936 2675 964 2714 a.
982 2656 1064 2730 Cha,
1086 2659 1218 2735 Augusti
1232 2669 1364 2737 patrem3
1386 2663 1496 2738 quibus

166 2760 307 2820 omnibus
334 2777 516 2836 praenomen
540 2757 634 2819 Gaiae
662 2775 817 2816 commuue
845 2766 900 2816 est.
943 2757 1049 2834 Itaque
1071 2758 1101 2816 in
1122 2759 1179 2817 hac
1200 2762 1323 2836 antiqua
1343 2763 1497 2839 nobilique

165 2853 264 2936 gentis
286 2860 432 2920 Octaviae
458 2861 553 2936 stirpe
579 2859 695 2917 nulluru
721 2857 779 2916 suit
803 2875 986 2936 praenomen
1015 2857 1073 2916 nisi
1097 2857 1213 2918 Gnaeru
1235 2860 1374 2938 (sexies),
1403 2861 1497 2924 Gutus

166 2959 315 3037 (quater),
337 2961 458 3020 Marcus
481 2959 554 3037 (ter)
576 2965 606 3018 et
628 2959 721 3018 semel
743 2957 864 3016 Lucius.
906 2957 1022 3018 Contra
1043 2960 1130 3034 pauci
1150 2959 1195 3018 illi
1218 2960 1349 3035 Octavii,
1370 2964 1422 3039 qui
1443 2965 1496 3022 im-

165 3070 336 3138 peratorum
362 3069 460 3121 aetate
487 3060 617 3119 bonores
644 3059 752 3136 adepti.
773 3068 861 3130 sunt,
893 3059 954 3118 alia
980 3060 1177 3134 praenomina
1203 3062 1323 3121 habeut.
1371 3063 1497 3124 Praeter

166 3161 299 3221 Rebilum
332 3169 490 3238 utrumque
518 3161 566 3220 hic
594 3161 625 3218 in
654 3177 783 3222 censum.
803 3159 885 3219 veuit
915 3159 1039 3230 Quintus
1068 3159 1213 3222 Octavius
1243 3159 1362 3242 Sagitta
1388 3173 1425 3224 tr.
1454 3166 1496 3242 pl.

167 3263 206 3322 58
226 3281 256 3340 p.
273 3261 358 3336 Chr.;
385 3282 474 3340 quem
495 3261 621 3321 Tacitus
647 3260 766 3338 quidem
790 3260 883 3337 (Anu.
903 3261 991 3333 Xlll,
1007 3261 1057 3320 44.
1079 3261 1159 3321 Hist.
1174 3262 1231 3336 IV,
1246 3264 1301 3340 44)
1324 3265 1389 3324 sine
1411 3284 1496 3341 prae-

165 3365 285 3422 nomine
306 3365 450 3437 nominat,
471 3363 546 3422 illud
567 3369 668 3422 sutem
689 3379 870 3436 praenomen
892 3363 982 3420 estin
997 3361 1083 3421 titulo
1106 3361 1245 3438 (Heuzeu
1260 3365 1386 3442 sitta),
1408 3384 1497 3442 quem

166 3463 371 3542 Nipperdeius
391 3465 429 3523 ad
452 3483 519 3522 euru
540 3463 639 3522 locum
661 3457 799 3539 affert¹).
838 3460 1015 3523 Ceterorum
1030 3463 1225 3526 Octaviorum
1247 3466 1299 3542 qui
1321 3466 1377 3524 hac
1398 3473 1496 3525 aetate

165 3564 286 3623 suerunt
307 3565 449 3624 senatorii
470 3565 594 3634 ordinis,
616 3564 812 3638 praenomina
832 3573 905 3622 uota
922 3583 983 3622 non
998 3563 1107 3641 sunt²)
1130 3565 1282 3641 (Octauius
1296 3566 1407 3625 Fronto
1422 3567 1495 3626 Tac.
1540 3579 1544 3586 '

166 3683 235 3724 aun.
250 3665 293 3738 11,
309 3667 358 3724 33.
384 3663 520 3725 Octavius
542 3651 646 3724 Avitta
667 3663 748 3722 Plin.
770 3663 857 3741 epist
874 3663 903 3735 9,
920 3663 970 3735 33,
986 3663 1030 3739 9).
1061 3663 1160 3738 ¹Quae
1181 3685 1246 3726 cum
1268 3667 1311 3726 ita
1332 3668 1403 3740 siut,
1425 3687 1497 3727 nuru

166 3765 256 3824 nimis
278 3765 379 3824 audax
401 3767 472 3839 sim,
499 3765 525 3824 si
546 3764 615 3824 inde
636 3763 777 3841 colligam
798 3764 950 3839 autiquarn
972 3763 1056 3848 illam
1077 3774 1166 3840 atque
1189 3767 1318 3825 nobilem
1341 3767 1495 3838 familiam,

167 3885 245 3942 quae
270 3865 383 3925 liberae
407 3866 590 3944 reipublicae
619 3874 752 3942 tempore
777 3865 894 3936 floruit,
920 3882 1047 3940 prorsus
1076 3867 1255 3924 exstinctam
1282 3884 1365 3937 esse,
1394 3868 1436 3924 ita
1464 3877 1497 3924 ut

166 3973 286 4044 praeter
313 3965 347 4026 G.
371 3966 531 4026 Octavium
557 3967 610 4043 qui
636 3965 797 4042 adoptione
823 3964 854 4021 in
881 3973 999 4042 gentem
1025 3965 1134 4023 luliarn
1148 3966 1280 4036 vtransiit
1306 3968 1496 4045 Augustique

165 4073 273 4144 postea
297 4085 404 4126 nomen
430 4067 556 4145 adeptus
584 4075 644 4136 est,
671 4065 794 4124 ultimus
816 4065 905 4124 huius
927 4065 1030 4140 stirpis
1052 4065 1143 4122 fuerit
1162 4065 1204 4124 M.
1227 4064 1373 4124 Octavius
1397 4064 1451 4126 Cn.
1473 4067 1515 4124 f..

166 4167 208 4225 M.
231 4188 277 4238 n.,
303 4167 367 4226 aed.
390 4187 451 4228 cur.
479 4185 557 4226 anno
578 4166 617 4226 50
637 4185 664 4224 a.
681 4164 769 4238 chr„
795 4165 845 4242 qui
870 4184 950 4224 anno
972 4167 1009 4223 31
1031 4184 1057 4224 a.
1074 4163 1145 4224 Chr.
1174 4167 1254 4242 apud
1275 4166 1396 4224 Aetium
1417 4168 1496 4243 parti

167 4269 275 4327 classis
297 4269 423 4328 Antonii
449 4267 579 4346 praefuit
605 4253 789 4344 (Drumaun'
803 4267 823 4324 l.
843 4267 863 4325 l.
886 4287 915 4344 p.
932 4263 1016 4343 226).
1048 4266 1123 4326 ,Eos
1148 4266 1239 4342 igitur
1260 4266 1417 4340 Octavios,
1443 4268 1496 4343 qui

167 4369 379 4444 imperatorum
405 4377 503 4428 aetate
529 4371 660 4428 honores
686 4367 786 4445 adepti
808 4377 892 4439 sunt,
918 4375 981 4426 tum
1003 4367 1121 4427 demum
1143 4386 1182 4426 ex
1202 4367 1395 4428 inferioribus
1416 4368 1496 4426 ordi·

166 4470 255 4530 nibus
276 4469 308 4528 in
330 4471 514 4554 senatorium
536 4470 669 4530 ordinem
691 4468 863 4528 escendisse
886 4475 1117 4528 consentaneum
1138 4476 1193 4527 est.
1231 4467 1299 4544 Quo
1320 4469 1419 4528 minus
1440 4469 1495 4528 rni-

166 4589 233 4628 rum
255 4579 315 4640 est,
342 4570 379 4629 P.
403 4569 563 4630 Octavium
585 4569 793 4648 proconsulem
816 4569 924 4646 equitis
946 4569 1075 4628 Romani
1097 4569 1190 4628 tilium
1212 4587 1297 4643 esse,
1318 4555 1512 4647 praesertim

246 4831 269 4893 ¹)
298 4832 403 4883 Certum
422 4847 484 4885 sane
503 4851 556 4886 non
575 4843 621 4898 est,
642 4842 725 4886 strum
738 4836 783 4886 ille
795 4835 917 4887 Octavius
931 4835 1039 4899 Sagitta,
1059 4836 1143 4899 quiin
1156 4835 1229 4884 titulo
1243 4843 1289 4895 ert,
1310 4835 1378 4884 idem
1392 4834 1425 4883 sit
1438 4848 1495 4882 cum

168 4924 272 4974 tribuno
291 4924 374 4988 plebia
393 4940 441 4976 nec
460 4941 500 4976 ne.
533 4927 586 4980 Sed
605 4933 634 4976 ut
652 4927 757 4977 uon'sit
775 4927 853 4988 idem,
873 4927 1005 4976 tamenin
1024 4939 1056 4976 ea
1073 4925 1174 4976 familia
1185 4926 1267 4990 gentis
1280 4924 1412 4985 Octaviae,
1432 4937 1497 4987 quae

168 5015 283 5079 Sagittae
303 5029 447 5079 cognomen
465 5017 578 5082 gerebat,
598 5017 663 5068 illud
681 5031 846 5082 praenomen,
867 5031 883 5066 a
900 5017 1027 5067 veteribus
1041 5016 1154 5068 Octaviis
1173 5017 1301 5078 alienum,¹
1313 5013 1393 5066 fuisse
1412 5027 1445 5064 ex
1465 5029 1497 5064 eo

168 5105 244 5155 titulo
262 5113 383 5170 apparet3
404 5107 474 5172 quod
493 5107 588 5158 sufficit
607 5109 687 5159 adid
705 5109 774 5172 qnod
794 5109 853 5158 volo
871 5109 1041 5172 probandum.

245 5192 270 5256 ²)
298 5197 330 5246 In
349 5197 499 5248 bominibus
517 5199 668 5250 inferiorum
687 5199 808 5250 ordinum
826 5199 903 5250 etiam
922 5201 973 5250 alia
987 5200 1154 5270 praenomina
1165 5199 1339 5260 inveniuntur,
1357 5197 1427 5248 velut
1439 5192 1497 5245 Ma·

168 5285 227 5334 nius
245 5293 272 5336 et
291 5283 409 5338 Den'mus
428 5287 474 5352 (ll,
495 5289 548 5342 ind.
568 5305 588 5340 a.
608 5306 633 5340 v.
653 5289 792 5350 Octavius).

1253 5376 1271 5434 8
