3750 5990
606 623 656 678 on
682 627 825 681 rmvms
851 617 1007 698 aaaron.
1393 635 1467 712 247

139 715 1467 771 Ἣ

139 791 204 850 sive
225 791 422 852 ordinandum
444 802 554 852 statum
576 795 736 857 liberarum
750 800 916 875 civitatum,
938 823 1015 881 qnae
1036 807 1231 872 iurisdictioni
1248 827 1466 892 proconsulum

140 889 279 951 subditae
308 911 368 950 non
395 903 507 954 essent.
551 894 629 971 (cfr.
656 917 734 974 quae
760 900 797 959 de
823 921 858 961 ea
884 923 916 961 re
942 908 1083 982 exposuit
1108 909 1255 990 Borghesi
1282 919 1364 980 Anu.
1390 926 1465 988 inst.

139 989 228 1050 XXV
260 991 370 1070 (1853)
402 1014 431 1071 p.
467 993 599 1074 illsqq.
632 998 695 1058 sive
728 998 807 1076 Opp.
837 1001 865 1059 V
897 1022 926 1079 p.
948 1005 1077 1084 llisq.)
1127 1011 1208 1072 Inter
1232 1016 1345 1082 liberas
1375 1029 1464 1089 urbes

138 1091 272 1150 Achaiae
299 1103 398 1154 antem
424 1096 590 1173 principem
616 1098 716 1158 locum
744 1101 884 1161 tenebant
909 1107 1060 1180 Athenae,
1086 1109 1129 1170 ita
1149 1123 1184 1173 ut
1204 1116 1253 1177 hic
1274 1124 1465 1202 potissimum

137 1190 207 1250 illos
228 1192 344 1270 legatas
366 1205 563 1256 commoratos
590 1217 656 1258 esse
679 1209 909 1263 consentaneum
932 1207 985 1279 sit;
1012 1227 1103 1284 quare
1129 1233 1166 1272 nc
1191 1216 1222 1276 id
1247 1222 1366 1296 quidem
1394 1247 1465 1292 casu

137 1291 248 1352 lactum
270 1295 396 1368 videtur,
419 1297 499 1373 quod
520 1299 550 1356 in
566 1299 653 1358 titulo
668 1300 811 1360 Africano
826 1305 980 1366 Pactumei
995 1307 1159 1374 Clementis
1178 1334 1267 1392 quem
1281 1321 1465 1402 Borghesius

138 1393 226 1452 affert
246 1393 505 1469 (Orelli-Henzen
525 1399 621 1477 6483)
649 1403 787 1462 Athenae
808 1407 973 1482 principem
1001 1411 1099 1471 locum
1121 1422 1223 1476 tenent
1244 1420 1368 1498 (legatae
1390 1430 1464 1490 Divi

137 1493 290 1554 Hadriani
303 1497 424 1557 Athenis
442 1500 573 1576 Thespiis
587 1500 700 1562 Plateia
721 1507 785 1562 item
805 1510 835 1563 ia
855 1507 1027 1586 Thessalia).
1062 1512 1129 1574 lam
1152 1517 1177 1575 si
1199 1520 1288 1580 ctiam
1303 1526 1464 1592 Aemilium

138 1593 264 1654 Iuncum
292 1598 439 1658 eiusmodi
469 1600 600 1678 legatum
628 1603 759 1679 Augusti
791 1624 846 1682 pro
878 1621 1014 1683 praetore
1042 1615 1081 1672 ad
1112 1621 1322 1696 corrigendum
1353 1639 1464 1692 statum

136 1693 299 1758 liberarum
332 1701 485 1758 civitatum
518 1703 549 1760 in
582 1703 768 1778 provinciam
803 1707 949 1768 Achaiam
981 1714 1108 1774 missurn
1141 1728 1319 1797 statuemus,
1352 1733 1463 1807 optime

137 1797 345 1872 explicabitur,
367 1819 420 1859 cur
441 1811 542 1861 statua
562 1804 689 1864 Athenis
708 1806 855 1865 collocata
877 1809 924 1868 sit.
1017 1883 1021 1890 ι

222 1895 307 1972 Quae
328 1902 429 1961 omnia
449 1905 681 1981 comprobantur
701 1905 789 1966 titulo
812 1905 847 1966 C.
866 1908 891 1967 Ι.
909 1909 961 1970 Gr.
986 1914 1065 1974 1346
1085 1913 1120 1980 ,Ἃ
1135 1909 1219 1982 πόλις
1232 1915 1303 1983 ud.
1319 1921 1463 1990 Κλαύδιοι

135 1987 309 2081 Ἀρμὸιιιικον
334 1994 556 2085 Πλιιιτοξείου,
586 1995 721 2070 acediosa
751 2001 806 2068 ric
835 2011 886 2072 rie
910 2007 1164 2095 ἄριποπιλιιτιιίις
1191 2018 1289 2090 veracis
1312 2023 1390 2086 κατὰ
1415 2027 1463 2090 τᾶν

136 2089 217 2158 viaco
236 2089 286 2158 καὶ
307 2097 364 2160 eiad
390 2105 448 2164 τοῦ,
469 2093 573 2174 δήμου,
598 2101 685 2164 uei-td
706 2096 755 2164 sai
777 2105 791 2165 ὃ
812 2100 964 2173 θειοίατοι·
983 2107 1169 2202 Αὐτοκράτωρ
1191 2124 1303 2208 Καῖσαρ
1325 2113 1468 2211 Tpai‘aode⁸

134 2191 281 2279 Ἀδριιινδς
306 2192 354 2258 uel
379 2196 504 2286 Aiurhrce
522 2201 653 2281 'lanigerae
678 2204 706 2290 ὅ,
720 2200 893 2280 δικαιοδότης
921 2203 978 2296 περὶ
1000 2209 1092 2273 ceritati
1110 2209 1286 2282 iaia-rariter.
1330 2227 1379 2290 D'e
1401 2252 1462 2310 quo

135 2318 214 2362 oum¹
231 2300 417 2378 Borghesius
447 2313 609 2382 exponeret
636 2305 716 2384 Opp.
737 2307 768 2366 V
792 2329 822 2386 p.
843 2309 948 2389 iOsq.‚
975 2307 1151 2389 discreditis
1176 2321 1390 2400 interpretatus
1417 2343 1463 2396 est

136 2401 259 2477 legatam
275 2421 334 2479 pro
344 2414 481 2480 praetore
489 2410 658 2482 provinciae
672 2407 812 2480 Achaiae,
835 2412 854 2469 i.
871 2433 897 2470 e.
918 2417 1109 2492 proconsulis
1130 2420 1262 2496 legatum
1284 2420 1462 2514 (πάρεδροι),

134 2501 206 2578 quia
230 2509 295 2562 tom
320 2505 437 2563 nullum
458 2505 550 2565 alium
576 2517 701 2568 noverat
722 2511 805 2568 vocis
828 2505 1112 2585 δικιιιδότηςιιιιιιιι
1134 2521 1194 2578 nisi
1216 2543 1283 2582 eum
1306 2531 1359 2602 qui
1381 2535 1462 2618 apud

135 2598 315 2663 Strabonem
336 2615 382 2664 est
402 2606 461 2665 797
485 2606 532 2679 (i.,
559 2609 610 2666 ubi
632 2609 816 2685 significatur
837 2631 874 2670 ea
895 2631 967 2672 voce
987 2618 1127 2674 iuridicae
1149 2619 1355 2684 Alexandriae.
1400 2629 1461 2704 Qui

134 2721 201 2762 cum
222 2705 348 2764 alterum
369 2706 468 2766 locum
491 2708 646 2785 dignitatis
667 2711 745 2769 inter
764 2710 917 2770 Romanos
939 2714 969 2770 in
986 2714 1127 2790 Aegypto
1147 2729 1302 2782 versantes
1324 2733 1461 2805 tenuerit,

134 2806 305 2880 proximum
332 2807 449 2890 scilicet
474 2817 545 2884 post
571 2811 755 2886 praelectum
781 2811 928 2888 Aegypti,
959 2812 1144 2890 Borghesius
1170 2827 1329 2894 putaverat
1354 2831 1460 2892 eodem

133 2905 223 2965 modo
252 2907 344 2966 etiarn
375 2927 443 2966 eum
470 2911 521 2984 qui
551 2909 582 2968 in
610 2911 726 2968 Achaia
752 2912 892 2985 proximo
917 2919 987 2988 post
1019 2919 1234 2990 proconsulem*
1260 2923 1329 2984 loco
1360 2929 1461 3007 fuerit,

133 3008 153 3066 i.
180 3025 206 3066 e.
232 3007 364 3084 legatum
390 3009 596 3084 proconsulis,
628 3010 673 3068 ita
703 3009 806 3066 vocari
835 3011 978 3084 potuisse.
1029 3016 1058 3072 A
1091 3036 1152 3093 qua
1178 3025 1326 3084 sententia
1352 3041 1460 3106 postes

133 3107 225 3183 (VIII
245 3129 274 3186 p.
291 3108 419 3185 428sq.)
442 3127 509 3167 cum
530 3109 636 3167 titulos
659 3107 694 3167 C.
710 3108 735 3167 I.
753 3106 806 3167 Gr.
829 3109 921 3170 4236.
942 3113 991 3171 37.
1014 3113 1097 3174 4240
1119 3123 1321 3198 cognovisset,
1341 3129 1372 3188 in
1394 3136 1459 3209 qui·
1481 3201 1485 3211 .

132 3208 189 3268 bus
211 3210 319 3285 lagatus
339 3208 467 3284 Augusti
487 3226 547 3284 pro
569 3217 703 3284 praetore
723 3208 834 3286 Lyciae
859 3221 886 3269 et
906 3213 1095 3291 Pamphyliae
1121 3219 1166 3276 sic
1186 3232 1323 3297 vocatur,
1349 3229 1392 3288 ita
1412 3253 1459 3292 re-

131 3310 234 3382 cessit,
255 3318 288 3368 nt
309 3308 486 3368 vocabulum
502 3318 638 3368 accurate
659 3310 840 3386 respondere
861 3310 972 3372 diceret
986 3312 1095 3376 Latino
1114 3336 1241 3392 praeses.
1279 3323 1370 3398 Quod
1390 3331 1460 3392 inde

131 3409 287 3482 conclusit,
309 3411 389 3486 quod
411 3407 529 3469 Graeco
550 3403 639 3486 ἁγιδν
661 3401 836 3478 δικαιιδέιηι
858 3422 999 3473 accurate
1020 3419 1236 3492 responderent
1256 3430 1389 3498 praesidi
1409 3434 1460 3492 ab·

130 3513 340 3581 atiaeatieeirao,
359 3513 491 3586 praesidi
512 3512 691 3586 integerrimo
712 3511 840 3585 quaein
862 3513 958 3572 titulis
973 3515 1143 3578 honorariis
1163 3518 1284 3583 Latinis
1304 3527 1459 3592 invenian-

130 3619 188 3672 tur.
232 3609 334 3684 Quare
359 3619 412 3669 aut
434 3613 632 3686 proconsulem
653 3610 783 3670 Achaiae
804 3621 865 3682 aut,
891 3614 972 3688 quod
994 3611 1104 3692 Sparta
1126 3619 1223 3680 libere
1244 3627 1316 3686 urbs
1339 3631 1367 3688 ei
1389 3634 1459 3692 sub·

130 3711 195 3770 dita
215 3727 275 3768 non
295 3711 396 3782 luerit,
417 3719 599 3770 correctorem
621 3711 775 3769 liberarum
795 3715 940 3770 civitatum
957 3719 1124 3788 procinctae
1140 3720 1270 3782 Achaiae
1290 3727 1458 3808 intelligen-

131 3811 204 3870 dam
218 3818 330 3868 censet.
362 3811 463 3885 Atque
485 3809 521 3867 ds
535 3811 681 3869 vacabulo
696 3801 1014 3887 δικαιοδότηςίμιίᾱειιι
1029 3822 1059 3872 et
1072 3816 1201 3889 priorem
1217 3833 1247 3880 ct
1259 3811 1459 3898 posteriorem

130 3909 294 3988 Borghesii
322 3910 501 3968 sententiam
529 3903 609 3969 recte
635 3929 667 3970 se
694 3910 805 3968 hahere
836 3911 995 3982 existim03
1027 3914 1144 3978 scilicet
1173 3919 1286 3996 duplex
1317 3926 1380 3984 eius
1411 3933 1458 3989 ris

130 4010 343 4088 distinguenda
362 4019 418 4068 est.
454 4007 534 4070 Num
557 4004 739 4068 iterationis
758 4010 934 4069 vocabulum
957 4013 1008 4071 uhi
1023 4013 1059 4080 de
1073 4016 1298 4091 magistratibus
1312 4023 1458 4090 Romanis

131 4117 311 4188 usurpatur,
337 4111 519 4188 respondere
540 4110 650 4170 Iratino
676 4114 721 4170 ita
744 4113 848 4182 dicere,
875 4111 947 4171 lolii
968 4113 1095 4172 Antonii
1118 4120 1308 4191 proconsulis
1330 4127 1459 4200 epistola

129 4214 211 4292 apud
232 4211 396 4288 Iosephum
418 4214 489 4271 Ant.
511 4212 578 4270 Ind.
601 4210 688 4282 XVI,
712 4211 740 4282 6,
763 4211 817 4287 7¹)
839 4211 1033 4272 demonstrat.
1075 4214 1182 4292 Itaque
1204 4212 1378 4294 δικαιοδότης
1399 4229 1457 4288 uti·

128 4334 186 4393 que
208 4312 357 4392 significat
379 4331 447 4372 eum
468 4313 552 4372 cuius
571 4312 739 4371 iurisdictio
761 4319 821 4383 est3
844 4313 898 4372 sed
921 4323 974 4372 aut
986 4314 1139 4394 proprium
1154 4318 1348 4394 magistratus
1370 4345 1457 4387 voca·

128 4417 233 4476 hulam
261 4421 317 4485 est,
344 4414 396 4472 nbi
416 4413 525 4473 Latino
547 4414 689 4472 iuridiacr
710 4422 845 4492 accurate
866 4415 1046 4491 respondet,
1071 4426 1123 4476 ant
1147 4417 1178 4475 in
1200 4420 1373 4483 universum
1394 4445 1457 4488 ma·

128 4517 286 4592 gistratmn
306 4514 476 4573 Romanum
503 4533 586 4586 eum,
612 4531 704 4590 penes
726 4531 815 4590 quem
842 4513 944 4590 aliquo
970 4516 1059 4575 modo
1080 4518 1247 4588 iurisdictio
1269 4509 1316 4583 est
1335 4525 1456 4605 indicat,

129 4618 195 4676 sive
219 4616 247 4674 is
272 4616 395 4692 proprio
422 4615 542 4674 nomine
562 4614 725 4693 proconsul
753 4615 817 4673 sive
846 4615 963 4691 legatus
984 4617 1117 4693 Augusti
1144 4639 1200 4698 pro
1226 4633 1365 4697 praetore
1392 4631 1456 4690 sive

129 4715 218 4774 aliter
245 4725 378 4774 vocatur.
428 4717 472 4775 At
499 4734 539 4776 ex
565 4716 612 4774 his
639 4714 756 4773 duabus
785 4715 1051 4790 significationibus
1079 4717 1157 4778 hanc
1185 4721 1282 4783 solam
1309 4727 1340 4784 in
1357 4729 1455 4810 *titulo

130 4812 282 4892 Spartano
302 4814 418 4876 admitti
439 4833 531 4894 posse
551 4815 620 4875 inde
641 4824 733 4893 patet,
754 4815 834 4891 quod
855 4835 1009 4894 nunquam
1028 4817 1060 4876 in
1078 4819 1237 4894 provincia
1256 4825 1373 4886 Achaia
1393 4847 1454 4888 ma·

128 5004 333 5016 ——n———1

207 5120 230 5186 ¹)
247 5114 367 5183 '’lco'hrac
395 5105 525 5184 ’Δνιιδνιος
551 5113 694 5184 destinaras
719 5119 825 5194 hypasim
853 5117 978 5190 Ἐφεσίων
1001 5117 1114 5199 ἄρχουσι
1140 5127 1225 5203 βουλῇ
1250 5120 1317 5203 &ripa
1340 5133 1453 5207 χαίρειν.

130 5211 169 5265 Ol
181 5211 205 5264 ir
217 5209 340 5286 ιῇἊσίᾳ
351 5208 473 5266 Ἰουδαῖοι
485 5211 562 5275 elicis
575 5209 757 5287 Φιβριιιαριιις
776 5213 1037 5268 δικαιοδοτοῦντί
1055 5237 1097 5288 μοι
1116 5218 1139 5270 lv
1151 5213 1252 5289 Ἐᾠισῳ
1264 5213 1393 5294 ὑπιδιιξαν
1406 5238 1453 5283 ete.

1198 5312 1253 5372 18*
