3858 5960
666 457 964 561 deservit-rores
981 506 1102 560 umes.
1122 509 1175 559 111.
1537 491 1582 562 71

251 676 395 753 exempla
422 674 664 736 Guteosteniana
694 679 917 752 comparatione
947 679 1084 738 instituta
1112 679 1178 738 viss
1205 689 1274 739 aunt
1301 681 1422 740 omnino
1452 681 1586 758 prolecta

252 795 324 838 esse
350 777 415 836 sive
441 797 480 836 ex
502 777 707 838 Mazochisnis
733 778 820 838 editis
848 781 912 839 sive
933 799 973 840 ex
994 779 1236 841 adnotationibus
1257 781 1379 842 Metelli.
1422 782 1502 840 Nam
1524 782 1586 840 duo

253 896 358 936 eorum
390 897 421 936 n.
444 879 514 938 719.
538 878 598 938 885
630 879 661 938 in
693 879 772 940 libro
795 879 944 940 Vaticano
973 890 1061 940 notas
1087 882 1199 942 habent
1226 901 1245 940 a
1270 901 1361 942 manu
1389 882 1504 942 Metelli
1531 882 1586 940 od·

253 979 393 1056 scriptas,
414 997 490 1055 qnae
511 979 648 1039 insuam
672 999 736 1040 rem
758 983 906 1041 convertit
921 980 1147 1042 Gutenstenius.
1185 981 1307 1043 Scilicet
1328 1004 1356 1042 n.
1370 984 1430 1043 885
1453 1001 1520 1042 cum
1541 983 1585 1040 sie

252 1080 402 1140 referatur
423 1080 503 1157 apud
523 1081 726 1142 Maaoohiumr
754 1101 822 1142 ossa
846 1083 891 1140 Ti.
918 1081 1053 1144 Caesaris
1074 1087 1134 1143 disi
1156 1085 1231 1161 Asp.
1248 1088 1277 1160 s.
1298 1085 1423 1161 Aspueti
1439 1084 1585 1160 panificia

252 1184 372 1239 maximi
392 1189 459 1254 cet,
481 1183 622 1240 Metellus
644 1183 814 1242 emendavit
829 1182 905 1260 Asp.
924 1193 1005 1260 pont.
1028 1205 1102 1244 mac.
1127 1203 1326 1262 versuumque
1347 1185 1526 1270 divisionem
1547 1183 1585 1242 de

253 1299 337 1342 more
358 1301 378 1340 a
397 1282 554 1342 Msaochio
577 1284 743 1362 neglectam
764 1285 910 1356 restituit3
932 1285 992 1344 iem
1014 1286 1094 1360 apud
1112 1285 1273 1346 Gruterum
1294 1287 1315 1345 l.
1331 1305 1357 1346 c.
1378 1286 1533 1363 inscriptio
1554 1295 1584 1344 et

252 1382 285 1441 in
306 1383 492 1460 compendiis
513 1393 544 1442 et
563 1383 594 1442 in
609 1403 750 1444 versuum
764 1385 913 1444 divisione
926 1385 1055 1446 formata
1068 1395 1115 1446 est
1129 1387 1168 1445 sd
1183 1388 1353 1464 exemplum
1368 1387 1583 1446 Metelliannm.

253 1482 371 1542 Deinde
397 1485 429 1544 in
454 1505 484 1543 n.
501 1485 560 1544 719
588 1485 632 1546 sic
653 1487 750 1546 relata
770 1487 851 1564 apud
872 1487 1060 1546 Menochium
1082 1488 1100 1545 1.
1124 1507 1165 1547 c:
1192 1490 1287 1547 Istius
1313 1487 1422 1548 Caesar
1447 1489 1498 1546 deo
1522 1485 1585 1546 Soli

252 1587 355 1644 invicto
376 1585 471 1644 altars
485 1585 626 1646 Metellus
648 1606 704 1664 pro
726 1588 819 1646 altars
839 1588 974 1664 reposuit
995 1607 1089 1660 aram3
1113 1589 1191 1648 unde
1217 1590 1262 1648 sic
1283 1590 1392 1666 legitur
1408 1588 1489 1664 apud
1505 1585 1584 1646 Gru·

254 1694 350 1744 terum
371 1686 391 1746 l.
407 1705 447 1746 e.=
469 1689 521 1746 deo
537 1686 601 1746 Soli
620 1691 722 1748 insero
744 1707 828 1747 aram
845 1687 879 1748 0.
899 1689 994 1749 Iulias
1020 1688 1131 1749 Caesar
1153 1693 1180 1749 d.
1199 1692 1227 1750 d.
1344 1689 1471 1767 Recepit
1493 1690 1584 1767 igitur

252 1786 285 1846 in
302 1787 358 1846 bac
375 1785 593 1848 Gntenstenius
605 1789 844 1849 emendationem
860 1790 1072 1862 Metellinam,
1092 1801 1248 1868 praeterea
1262 1791 1299 1850 de
1314 1809 1368 1850 suo
1382 1793 1474 1850 verba
1486 1798 1583 1850 bans·

252 1889 365 1967 posuit,
381 1907 561 1964 praenomen
576 1899 606 1950 et
620 1891 788 1950 clausulam
802 1891 928 1964 addidit,
942 1892 1055 1952 hiatum
1070 1892 1223 1965 indicavit,
1246 1892 1366 1952 omnino
1382 1891 1429 1952 sui
1443 1891 1562 1951 similia.

336 1989 372 2048 In
392 1990 564 2050 universum
582 1991 701 2052 collatis
716 1993 794 2052 incer
808 2010 841 2052 se
857 1991 1101 2053 Gutenstenianis
1116 1999 1146 2051 et
1160 1993 1364 2052 Msaochisnis
1379 1993 1583 2070 deprehendes

251 2091 447 2151 indicationes
470 2091 605 2152 locorum
632 2101 685 2152 aut
707 2095 828 2154 easdem
851 2111 920 2154 esse
946 2103 998 2154 ant
1023 2093 1204 2166 simillimae,
1226 2095 1383 2154 lectionem
1408 2112 1498 2170 saepe
1522 2113 1583 2153 non

251 2191 372 2254 differre
390 2193 449 2254 nisi
467 2193 499 2252 in
518 2193 651 2265 minutis,
672 2195 722 2256 nbi
737 2205 836 2256 autem
851 2195 981 2267 differat,
997 2193 1266 2256 Gutensteniaoem
1281 2195 1491 2274 interpolatam
1505 2213 1583 2256 esse.

251 2293 365 2354 Earum
385 2294 649 2371 interpolationum
670 2305 790 2372 praeter
811 2313 904 2376 snpra
924 2297 1048 2356 allatam
1070 2277 1155 2356 aliae*
1170 2296 1316 2373 quasdam
1337 2299 1510 2376 subscripsi.

588 2414 658 2467 Mae.
677 2414 729 2467 33.-
1033 2415 1104 2468 Orut.
1126 2413 1186 2478 100,
1203 2416 1221 2467 6'
1237 2408 1261 2468 ‘e
1279 2419 1343 2469 Met.
1362 2419 1450 2469 selred.
1470 2411 1552 2470 Gnt':

354 2508 382 2561 S·
397 2523 423 2574 p.
436 2523 462 2572 q.
475 2507 507 2559 R.
526 2507 616 2558 aedem
631 2508 793 2560 Concordiae
805 2517 931 2562 vetustate

354 2582 493 2646 collapsam
506 2582 534 2632 iu
547 2581 679 2632 meliorem
698 2583 792 2634 faciem
810 2599 889 2649 opere
908 2591 934 2634 et

354 2655 423 2704 cultu
441 2655 616 2720 splendidiore
635 2656 808 2706 restituerunt.

588 2743 658 2796 Mae.
678 2743 729 2797 691

353 2837 461 2887 Pietatis
479 2837 642 2901 imperatoris
655 2837 775 2889 Caesaris
794 2837 847 2888 disi
866 2837 932 2889 Ner·

355 2924 400 2960 vae
420 2909 529 2962 Traiani
546 2917 571 2960 et
588 2911 634 2961 rel.

589 3035 658 3088 Μαι.
680 3036 729 3088 14:

353 3163 406 3214 Dd.
433 3180 478 3215 nn.
505 3163 678 3216 Dioclitianns
705 3171 731 3214 st
753 3165 929 3215 Maximianus

354 3237 441 3288 invicti
456 3238 571 3288 seniores
586 3239 697 3304 Augusti
717 3244 803 3304 patres
822 3239 932 3304 impers-

353 3317 439 3362 tornm
461 3319 487 3361 et
506 3311 646 3361 Oeensium

353 3401 519 3453 constamine
528 3409 554 3452 et
562 3402 738 3454 Maximianus
747 3402 835 3454 invicti
843 3403 929 3468 Angg.

352 3483 379 3525 et
409 3476 520 3527 Severus
551 3481 577 3524 et
604 3475 780 3525 Maximianus
810 3475 927 3526 nobiliss.

353 3548 477 3599 Caesares

352 3635 465 3690 thermas
483 3639 572 3690 felices
584 3637 736 3688 Dioclltianl
750 3639 819 3704 Aug.
838 3639 927 3690 fratris

352 3715 391 3765 sui
405 3714 510 3764 nomine
523 3713 683 3763 consecravit
694 3713 792 3776 coeptis
805 3712 931 3763 aedificiis

352 3803 399 3852 pro
412 3787 479 3837 tanti
491 3787 576 3852 operis
589 3785 765 3848 magnitudine
779 3787 849 3836 omni
863 3787 932 3836 cultu

351 3861 478 3925 periectas
496 3859 621 3910 Romanis
639 3859 692 3908 suis
711 3859 812 3909 dedica.

522 3983 591 4036 rra..
604 3985 630 4050 s.
646 3973 748 4048 12721)

430 4116 499 4179 Inp.
518 4112 657 4166 Diocletia.
677 4111 757 4164 Oessr
776 4113 844 4178 Aug.

392 4187 545 4254 plurimibns
563 4186 684 4250 operibus
703 4185 731 4236 in
750 4187 815 4236 colle
835 4185 885 4236 hoc

407 4267 530 4311 excavato
552 4275 617 4310 saxo
636 4259 761 4324 quesitam
781 4273 874 4324 aquam

369 4335 422 4401 iugi
441 4333 568 4400 profluvio
588 4347 621 4382 ex
640 4331 695 4382 tolo
714 4331 757 4382 hic
775 4339 915 4384 scatentem

590 4405 689 4456 invenit

450 4479 547 4530 Martia
565 4477 646 4528 salnb.
657 4477 716 4528 Tib.
736 4477 827 4528 levior.

533 4553 629 4604 curatis
647 4551 747 4616 aegritu

491 4633 516 4676 et
534 4631 631 4676 statera
648 4623 788 4674 iudicatam

1006 2510 1107 2560 Aedem
1121 2508 1284 2560 Concordiae
1298 2517 1423 2560 vetustate
1443 2509 1583 2574 collapsam

1006 2583 1158 2647 ampliorem
1176 2597 1254 2648 opere
1273 2583 1367 2650 cnltnq.
1381 2582 1583 2648 splendidiorem

1005 2655 1116 2706 restituit
1134 2671 1155 2704 s.
1175 2671 1200 2720 p.
1221 2671 1245 2720 q.
1266 2655 1297 2705 R.

1035 2744 1107 2795 (irat.
1129 2735 1311 2804 14117111.
1332 2759 1346 2794 e
1364 2759 1412 2796 ms.
1431 2736 1556 2796 Metelli':

1005 2835 1101 2888 Pietati
1129 2842 1155 2884 et
1179 2835 1308 2885 Felicitati
1336 2836 1399 2902 imp.
1428 2835 1502 2886 Osee.
1530 2837 1583 2887 diri

1006 2909 1109 2960 Nervae
1128 2909 1236 2960 Traiani
1253 2915 1279 2958 et
1294 2907 1341 2958 rel.

1007 2998 1078 3051 Grnt.
1098 2997 1158 3060 179,
1178 2998 1192 3049 1
1210 2991 1233 3049 ‘e
1252 3015 1299 3050 ms.
1316 3000 1386 3050 card.
1401 2999 1541 3066 Carpensis
1553 3015 1584 3051 ac

1149 3073 1248 3123 Metelli
1268 3064 1403 3124 Gotones&

1002 3164 1056 3215 Dd.
1067 3179 1110 3216 nn.
1121 3163 1150 3214 0.
1161 3164 1314 3214 Aurelval.
1325 3163 1504 3215 Diocletianus
1513 3171 1539 3214 et
1545 3165 1583 3216 M.

1004 3237 1095 3288 Aurei.
1108 3237 1166 3288 Vsl.
1180 3237 1356 3288 Maximianus
1369 3237 1457 3287 invicti
1470 3239 1583 3288 seniores

1004 3313 1190 3388 Aripp'pstrcs
1203 3311 1282 3374 impp.
1296 3317 1323 3360 et
1335 3310 1437 3375 Gaeap.
1457 3327 1482 3375 p.
1503 3345 1564 3362 ....

1004 3403 1048 3454 dd.
1067 3417 1111 3452 nn.
1131 3401 1172 3452 Fl.
1192 3402 1280 3452 Valet.
1301 3401 1467 3452 Constantius
1486 3408 1512 3452 et
1530 3401 1582 3454 Ga-

1002 3475 1150 3599 lgayssr:
1170 3475 1331 3600 Mppirpinns
1349 3475 1503 3525 nobilissimi
1517 3475 1582 3526 Cae·

1001 3639 1115 3690 thermas
1151 3639 1241 3689 felices
1274 3638 1440 3690 Diocletiano
1479 3648 1582 3703 coeptas

1004 3713 1129 3762 aediliciis
1148 3727 1195 3776 pro
1215 3713 1279 3762 tanti
1303 3714 1388 3777 operis
1407 3713 1583 3777 magninsdins

1006 3785 1076 3835 omni
1102 3785 1171 3834 cultu
1192 3785 1243 3834 iam
1263 3785 1389 3848 perlectas
1407 3785 1507 3834 numini
1527 3786 1581 3836 eius

915 3909 924 3920 ,
1006 3863 1196 3907 consecrarunt.
1217 3891 1224 3905 .
1245 3891 1252 3905 .
1272 3890 1279 3904 .

1005 3945 1077 3997 Grae.
1092 3943 1153 4009 178,
1166 3937 1219 3996 3“ιι
1231 3959 1277 3995 ms.
1293 3945 1392 3996 Metelli
1404 3952 1481 4010 atque
1493 3947 1581 3998 Ursini

1195 4009 1392 4072 Gutensteniua'.

939 4146 944 4155 ·
1028 4113 1095 4177 Imp.
1114 4111 1253 4162 Diocletia.
1274 4109 1304 4160 G.
1323 4110 1393 4173 Aug.
1412 4109 1470 4172 pins
1489 4109 1553 4160 felix

996 4239 1004 4250 ⁸
1057 4183 1209 4252 plurimibns
1228 4181 1326 4247 operib.
1346 4182 1374 4232 in
1392 4182 1457 4232 colis
1475 4183 1525 4232 hoc

1052 4263 1178 4309 excavato
1197 4270 1262 4306 saxo
1281 4257 1422 4320 quaesitam
1441 4269 1534 4321 aquam

1019 4333 1073 4398 iugi
1089 4329 1217 4398 profluvio
1237 4344 1269 4380 ex
1288 4328 1343 4380 tolo
1361 4328 1403 4380 hic
1422 4335 1563 4382 scatentem

1242 4403 1341 4452 invenit

1038 4478 1105 4529 Mar.
1124 4476 1293 4526 salubriorem
1312 4475 1400 4526 Tiber.
1419 4475 1543 4527 leviorem

1121 4549 1240 4600 curandis
1258 4549 1461 4612 aegritudinibus

1188 4629 1284 4672 statera
1302 4622 1399 4672 iudicat

350 4699 404 4750 eius
413 4699 527 4763 receptui
535 4697 783 4764 puthenmadprox.
793 4695 859 4746 tricl.
867 4711 927 4746 usus
994 4694 1578 4760 eiusreceptuiputenmadprox.triclin.usum

502 4773 530 4822 ln
548 4772 598 4822 hoc
616 4771 783 4836 spberisterio

350 4844 393 4894 ubi
417 4851 444 4893 et
461 4844 654 4909 imperatoriam
673 4843 852 4908 dictyloteeam
871 4857 928 4908 pos.

1129 4769 1156 4818 in
1176 4767 1226 4818 hoc
1244 4763 1425 4832 sphaeristerio

1062 4842 1106 4892 ubi
1125 4849 1151 4892 ct
1168 4841 1286 4908 imperat.
1305 4841 1437 4906 nymieum
1455 4840 1474 4890 1.
1495 4857 1517 4890 c.

325 5051 348 5114 ¹)
377 5052 444 5102 cnm
467 5053 537 5119 apud
554 5050 720 5104 Masochinm
742 5049 882 5100 collocetur
904 5040 940 5100 ‘in
958 5049 1038 5100 domo
1057 5049 1097 5100 Io.
1117 5049 1250 5100 Dominici
1274 5048 1307 5099 de
1325 5045 1458 5099 Fidellbns
1477 5046 1531 5096 sive
1550 5047 1577 5095 ia

247 5143 323 5194 vinea
347 5144 402 5194 eins
426 5159 507 5210 prope
526 5145 554 5198 S.
574 5143 686 5195 Mariam
708 5131 848 5203 malorem’,
874 5140 995 5192 Metellus
1019 5141 1156 5206 adscripsit
1178 5131 1226 5191 ‘est
1243 5139 1343 5205 Nepete
1361 5140 1389 5189 in
1407 5137 1523 5198 ciuitate,
1549 5143 1579 5184 ut

247 5233 342 5286 dicitur
359 5237 386 5287 in
406 5236 495 5288 codice
514 5226 654 5300 carpensi,
673 5234 753 5284 verba
770 5249 824 5285 non
841 5233 959 5284 mutavit.
