3812 5960
221 583 348 634 rea-ns
657 577 738 629 vot..
754 578 792 628 ru
810 577 1111 630 roururnuanvn.
1498 563 1544 632 53

219 749 268 809 De
290 750 382 808 Petra
406 749 426 808 1.
449 749 504 824 o),
531 756 624 806 totam
650 748 758 806 aerarii
784 766 885 806 coram
912 747 1041 807 delatam
1069 748 1164 807 fuisse
1192 748 1231 806 ad
1258 747 1372 807 IIviros
1399 749 1417 806 i.
1441 749 1469 808 d.
1498 749 1546 808 rel

221 850 297 908 adeo
323 850 361 907 ad
387 867 490 908 eorum
515 850 644 907 alterurn
670 855 784 920 utrum3
811 867 879 906 nam
906 848 996 906 iniis
1018 865 1138 924 quoque
1160 848 1330 926 municipiis
1352 849 1547 924 coloniisque,

220 951 252 1008 in
274 951 385 1026 quibus
407 959 569 1026 quaestura
589 949 719 1018 extabat,
742 967 857 1006 summa
878 957 977 1006 tamen
999 949 1107 1007 aerarii
1129 967 1201 1008 cura
1221 950 1390 1025 pertinebat
1410 949 1449 1007 ad
1469 949 1548 1009 IIvi-

220 1068 272 1109 ros
299 1051 320 1108 i.
348 1051 394 1122 d.,
421 1067 548 1125 quorum
577 1056 642 1107 erat
668 1049 825 1126 pecuniam
851 1067 1037 1106 communem
1064 1049 1246 1126 erogandam
1275 1049 1451 1120 decernere,
1479 1068 1546 1109 cum

219 1159 394 1226 quaestores
419 1151 517 1227 ipsam
544 1155 714 1208 tractarent.
758 1146 804 1208 Ol.
832 1149 1000 1207 Mommsen
1027 1149 1205 1210 Stadtreclte
1232 1168 1286 1207 coa
1308 1147 1392 1228 Salpa
1419 1171 1447 1208 ra
1470 1150 1545 1208 Mol.

220 1271 250 1327 p.
265 1250 336 1309 420.
353 1251 423 1310 445.
439 1252 510 1310 451.

220 1455 287 1516 164
308 1455 419 1515 ibidem
440 1456 518 1514 inter
538 1455 637 1515 aditus
660 1463 799 1533 quartum
821 1465 851 1514 et
872 1456 1017 1531 quintum.

721 1583 1047 1648 cassttlvn‘r)

719 1687 1047 1750 PYuansuoe

222 1826 247 1884 Ι.
270 1825 306 1884 de
328 1825 420 1884 Petra
444 1823 586 1898 (lintoolo,
603 1826 636 1884 11
658 1823 768 1900 (1871)
790 1843 818 1902 p.
838 1824 896 1883 163
918 1844 946 1882 n.
964 1822 1018 1896 245
1045 1827 1083 1884 Α.
1107 1824 1354 1902 Trendelenbnrg
1375 1823 1458 1884 Ball.
1480 1823 1547 1884 dett'

222 1925 294 1984 last.
320 1925 396 1984 1871
420 1946 450 2003 p.
468 1924 536 1986 176.

263 2024 312 2085 cf.
334 2043 426 2103 supro
446 2045 476 2084 n.
495 2025 564 2086 151.

221 2229 284 2290 165
312 2232 343 2289 in
370 2230 486 2289 insulae
506 2231 535 2288 A
561 2249 646 2289 muro
673 2229 861 2290 meridionali
887 2249 982 2308 prope
1007 2231 1150 2308 angulum
1172 2232 1225 2308 qui
1247 2195 1325 2291 iliter
1346 2231 1497 2291 meridiem
1520 2238 1549 2290 et

264 2331 447 2390 occidentem
469 2339 594 2406 spectat.

546 2464 1230 2531 arsamosata-uouit

222 2601 247 2659 1.
269 2601 306 2659 de
326 2601 420 2659 Patra
444 2599 583 2660 Glornclc
603 2601 636 2658 11
657 2599 769 2676 (1871)
791 2620 820 2677 p.
840 2599 898 2658 161
920 2620 949 2658 n.
966 2599 1015 2658 27.

263 2701 296 2760 Is
323 2700 498 2759 candidatus
524 2701 623 2776 prima
647 2701 703 2758 hac
728 2701 922 2776 inscriptione
944 2707 1134 2758 memorator.
1178 2699 1243 2758 Nec
1266 2701 1363 2758 minus
1386 2699 1550 2777 singularia

222 2809 291 2860 sunt
311 2801 364 2859 ΑΕ
386 2819 441 2878 pro
462 2796 505 2859 tr>
528 2801 574 2860 vel
595 2799 678 2858 ΑΕΒ
700 2800 750 2858 rol
771 2799 953 2859 AEDILEM
979 2807 1008 2857 ct
1030 2798 1190 2863 onds
1211 2817 1266 2876 pro
1288 2797 1338 2857 oro
1360 2817 1410 2859 vos
1425 2803 1548 2876 somatis

223 2902 342 2977 scripta.
381 2899 513 2974 Quorum
536 2901 672 2960 ultimum
686 2901 723 2965 18
743 2900 903 2959 videndum
924 2909 971 2960 est
992 2919 1029 2958 nc
1050 2918 1111 2958 non
1132 2900 1344 2976 explicandum
1365 2899 1406 2958 sit
1426 2918 1476 2960 coa
1499 2901 1549 2959 ett-

221 3006 298 3077 patto
319 2983 370 3076 (id
390 3001 468 3060 enim
490 3001 582 3060 Petra
603 3001 782 3078 proposuit),
805 3001 858 3060 sed
879 3000 972 3058 invito
994 3001 1138 3076 scriptore
1159 3018 1214 3075 pro
1236 3000 1273 3060 Ψ
1293 3001 1404 3058 sactum
1427 3000 1475 3058 sit.

439 3298 499 3357 ΔΙ)
521 3295 851 3358 INSORIPTIONES
875 3296 1068 3358 GRAPHIO
1090 3295 1331 3357 Excitatus,

223 3453 289 3512 166
311 3453 364 3529 (ad
383 3453 439 3524 IV,
459 3453 564 3529 3303).
608 3452 792 3530 Principium
820 3469 927 3512 versus
941 3451 1108 3528 Vergiliani
1135 3451 1188 3528 (A.
1210 3453 1238 3524 1,
1261 3451 1336 3526 234)
1362 3471 1421 3512 non
1445 3453 1548 3514 HINC

265 3551 397 3612 CERTE
421 3551 637 3613 ROMANOS
660 3552 707 3629 (ut
732 3553 850 3611 Barone
875 3551 1016 3611 Giomale
1035 3553 1050 3610 1
1071 3571 1101 3628 p.
1118 3551 1175 3610 281
1201 3551 1367 3628 ediderat),
1395 3554 1448 3612 sed
1469 3565 1550 3615 recte

265 3657 409 3732 scriptum
435 3663 495 3713 est:
529 3651 660 3712 CERTE
683 3652 787 3712 HlNC
810 3650 1036 3712 ROMANOS.
1056 3683 1058 3687 ⁷
1081 3651 1222 3712 Correxit
1242 3655 1280 3711 A.
1304 3652 1550 3734 Trendelenburg

265 3755 346 3814 Ball.
368 3754 434 3814 dell'
456 3755 528 3813 Iret.
554 3753 630 3812 1871
655 3772 684 3829 p.
702 3753 772 3826 179,
797 3755 848 3830 qui
871 3755 907 3812 de
930 3753 1035 3811 ultimo
1056 3753 1137 3829 quod
1159 3751 1319 3810 ANNlVS
1342 3755 1481 3813 traditum
1504 3767 1549 3816 est

264 3856 340 3914 nihil
360 3855 493 3914 adnotat.

227 4060 291 4121 167
318 4063 350 4120 in
376 4061 492 4120 insulae
512 4059 543 4118 B
570 4078 654 4118 muro
681 4059 858 4118 occidentali
884 4059 923 4116 ed
949 4057 1103 4115 sinistram
1128 4055 1225 4132 quinti
1252 4054 1349 4114 aditus
1373 4058 1502 4117 venienti
1530 4080 1548 4117 a

264 4161 397 4220 mensa.
678 4193 734 4253 rv
757 4193 835 4268 Qu
855 4190 1094 4252 pamerras

224 4335 247 4391 1.
269 4334 306 4392 de
327 4332 421 4392 Petra
444 4329 582 4390 Glornala
602 4329 636 4388 II
657 4327 896 4406 (1871).p.164
918 4347 947 4386 n.
964 4327 1014 4385 34.

263 4433 407 4492 Fortasse
428 4432 590 4490 tetrametri
611 4430 753 4489 trochaici
774 4429 890 4487 initium
912 4435 967 4488 est.

222 4637 286 4698 168
301 4639 354 4714 (=
370 4638 424 4708 1v,
438 4637 541 4712 1860).
578 4635 825 4713 supplementum
846 4635 942 4710 magis
964 4635 1071 4710 opinor
1093 4643 1246 4707 acceptum
1269 4651 1357 4708 quam
1378 4636 1443 4708 hoc,
1466 4638 1547 4712 quod

264 4739 441 4798 effossiones
468 4737 658 4812 nuperrimae
684 4736 884 4814 protulerunt,
911 4733 1034 4792 debetur
1057 4734 1113 4792 viri
1134 4733 1228 4810 Angli
1256 4750 1346 4811 saepe
1372 4735 1458 4794 nobis
1483 4737 1547 4795 lau-

264 4841 351 4900 datae
376 4837 555 4908 industriae,
581 4855 672 4913 quam
694 4854 771 4894 anno
789 4834 867 4893 1832
895 4835 925 4892 in
947 4833 994 4892 his
1016 4833 1261 4910 inscriptionibus
1282 4835 1448 4894 collocavit.
1490 4837 1547 4895 Est

263 4950 363 4999 autem
383 4937 567 4998 huiusmodi:

328 5073 439 5149 Qlol
462 5071 617 5131 SCRIPSl
640 5069 770 5130 SEMEL
791 5070 841 5128 ET
864 5069 984 5129 LEGIT
1007 5068 1096 5128 ΜΕΑ
1118 5067 1213 5127 IVRE
1236 5069 1443 5128 PVELLAST

392 5173 511 5248 QIAE
530 5171 714 5232 PRETIVM
736 5171 850 5231 DleT
872 5170 969 5231 NON
992 5169 1081 5230 ΜΕΑ
1105 5169 1179 5228 SED
1201 5166 1349 5228 POPVLI
1370 5169 1444 5229 EST
