3858 5960
614 629 912 683 casuuvamonus
929 629 1049 682 nerea.
1069 631 1134 685 vn.
1465 616 1535 688 137

209 803 374 862 stituuntur
395 800 555 878 ordinarii,
577 807 676 859 tamen
698 801 730 858 in
751 801 825 859 actis
846 783 975 878 publicis
997 801 1100 878 populi
1122 801 1250 860 Romani
1273 803 1311 860 ad
1333 804 1422 862 finem
1444 823 1539 881 usque

214 903 326 962 saeculi
350 901 473 962 secundi
491 919 557 959 mos
574 899 690 960 videtur
711 901 887 977 perdurasse
908 901 1156 960 enuntiandorum
1177 904 1333 962 consulum
1354 923 1466 976 eorum,
1488 907 1539 981 qui

210 1012 273 1062 tum
294 1003 391 1062 lasces
411 1011 557 1078 gererent.
601 999 690 1060 Certe
712 1001 938 1084 indiplomatis
964 1011 1170 1063 veteranorum
1193 1003 1309 1062 suffecti
1329 1006 1541 1065 continuantur

211 1105 249 1162 ad
268 1113 406 1181 tempora
426 1120 523 1179 usque
538 1101 630 1161 Marci
646 1110 676 1160 et
690 1099 776 1172 Veri3
799 1109 904 1160 contra
917 1102 1081 1178 diplomata
1102 1121 1128 1160 a.
1145 1101 1206 1162 247
1222 1113 1252 1162 et
1267 1103 1326 1163 249
1350 1105 1434 1180 (nam
1450 1107 1540 1166 medii

210 1205 354 1280 temporis
382 1221 459 1280 quae
484 1202 605 1279 quidem
632 1203 690 1261 huc
715 1202 884 1278 pertineant
911 1203 996 1261 nulla
1023 1203 1184 1279 babemus)
1212 1207 1381 1280 praeteritis
1408 1207 1540 1266 suffectis

211 1305 379 1364 ordinarios
400 1311 516 1380 ponunt
538 1301 597 1380 (ΙΙΙ
619 1323 649 1380 p.
665 1303 750 1378 913).
792 1303 869 1361 Item
893 1303 925 1360 iu
946 1303 1022 1362 actis
1043 1304 1202 1363 Arvalium
1223 1321 1291 1363 euru
1313 1307 1360 1364 vel
1382 1305 1539 1367 Commodi

211 1411 319 1476 aetate,
341 1405 393 1462 nbi
414 1421 491 1481 opus
511 1411 569 1475 est,
590 1403 780 1462 nominentur
794 1403 921 1477 suffecti,
944 1422 1022 1462 anno
1041 1411 1120 1463 certe
1135 1402 1195 1464 214
1216 1423 1271 1480 pro
1287 1406 1421 1465 suffectis
1436 1408 1540 1485 legun·

212 1515 260 1564 tur
286 1505 429 1564 ordinarii
439 1504 478 1581 ¹).
529 1502 660 1564 Omnino
687 1505 761 1564 haec
787 1504 980 1564 suffectorum
1006 1525 1045 1564 ex
1072 1504 1208 1581 legitima
1234 1505 1305 1564 anni
1333 1506 1540 1584 designatione

211 1607 350 1682 expulsio
371 1615 402 1664 et
422 1604 596 1676 consulum,
622 1605 771 1682 aquibus
793 1621 890 1664 annus
911 1605 1029 1682 incipit,
1051 1611 1138 1665 aucta
1157 1606 1384 1666 honorificentia
1405 1615 1435 1669 et
1456 1628 1488 1669 re
1509 1618 1540 1668 et

211 1715 344 1782 tempore
366 1705 542 1765 coniunctae
562 1705 691 1765 fuerunt.

370 1809 428 1878 15.
480 1803 664 1879 Pontifex.

299 1955 303 1962 ·
371 1927 429 1998 16.
482 1922 622 2024 Augur.

297 2044 472 2105 Sacerdotis
492 2046 566 2104 haee
588 2063 648 2121 quo
671 2053 803 2124 tempore
825 2045 957 2108 Sabinus
979 2046 1105 2124 adeptus
1128 2047 1256 2108 situum
1278 2047 1463 2128 ignoremus,
1489 2052 1539 2111 hic

94 2163 103 2172 ·
212 2143 252 2205 iis
273 2145 371 2206 locum
394 2146 529 2206 dedimus
551 2147 841 2224 postconsulatum.
898 2211 905 2224 ,

369 2249 427 2319 17.
479 2245 598 2319 Iudex
615 2269 663 2318 ex
676 2245 970 2345 dele[g(atione)]
989 2245 1273 2348 cognitionum)
1287 2247 1538 2349 Caesarian(a-

454 2363 457 2372 ’
479 2365 580 2464 rum)
597 2399 648 2430 =
671 2365 805 2464 [ludex
822 2365 882 2464 ex]
902 2367 1119 2465 delegatu2)
1139 2366 1378 2469 [p]rincipum
1396 2371 1432 2444 in
1452 2397 1539 2470 pro-

478 2484 599 2562 vincia
625 2483 858 2584 [Dalmatia?,
885 2485 975 2560 item
993 2486 1243 2584 Pannoniaei]
1271 2488 1454 2564 inferioris
1464 2490 1512 2587 3).

297 2605 348 2666 Sic
373 2608 430 2667 hoo
457 2607 589 2666 cilicium
610 2607 809 2684 perscriptum
832 2607 950 2667 videtur
972 2607 1068 2667 fuisse
1089 2609 1120 2666 in
1141 2608 1235 2668 titulis
1256 2609 1374 2668 duobus
1396 2612 1539 2687 Aquinati

213 2715 244 2765 et
271 2705 420 2780 Casinati,
447 2707 506 2766 nisi
532 2706 614 2783 quod
639 2708 859 2784 provinciarum
885 2709 1008 2766 uomina
1033 2726 1111 2783 quae
1137 2708 1167 2765 iu
1193 2708 1250 2767 hoc
1275 2710 1429 2785 perierunt
1455 2711 1539 2786 (nam

213 2808 289 2866 duas
310 2808 478 2867 nominatas
500 2807 595 2867 luisse
616 2825 656 2866 ex
670 2809 769 2884 spatio
783 2808 947 2884 colligitur)
969 2817 1051 2866 certa
1064 2809 1180 2866 ratione
1194 2811 1365 2884 recuperari
1379 2821 1538 2886 nequeunt.

214 2909 370 2984 Principes
396 2909 447 2984 qui
473 2909 504 2967 in
528 2909 585 2967 hoo
606 2908 797 2968 nominantur
818 2927 886 2966 curn
907 2925 975 2967 esse
996 2927 1056 2967 non
1078 2908 1197 2984 possint
1217 2910 1348 2988 Augusti
1369 2911 1428 2968 duo
1450 2913 1540 2972 simul

213 3020 372 3085 regnantes
401 3010 488 3086 (nam
518 3008 705 3068 Caracallum
735 3015 765 3068 et
792 3005 903 3068 Getam
930 3009 1083 3087 expeditio
1111 3007 1291 3068 Germanica
1318 3029 1345 3068 a.
1366 3011 1426 3070 213
1454 3033 1540 3089 prae-

214 3111 322 3169 cedens
345 3111 490 3182 excludit,
514 3110 675 3168 Balbinum
697 3118 726 3168 et
746 3110 916 3187 Pupienum
938 3109 1008 3168 anni
1030 3110 1099 3185 plus
1122 3109 1228 3188 viginti
1248 3111 1444 3188 interpositi),
1465 3114 1540 3173 Bor·

214 3210 335 3286 ghesius
361 3211 487 3270 coniecit
512 3231 581 3270 eum
607 3211 644 3269 de
670 3229 729 3287 quo
756 3211 855 3288 agitur
880 3211 938 3270 hoc
959 3210 1057 3271 officio
1079 3210 1213 3270 iunctum
1234 3230 1303 3272 esse
1325 3221 1355 3272 et
1375 3214 1541 3291 imperante

214 3312 349 3370 Macrino
370 3321 400 3371 et
420 3313 585 3388 imperante
607 3311 825 3388 Elagabalo⁴i
868 3313 912 3370 At
932 3331 999 3371 cum
1019 3312 1050 3370 in
1071 3313 1219 3388 legatione
1240 3310 1343 3373 Sabini
1365 3315 1541 3376 Pannonica

214 3421 313 3488 gesta,
339 3420 372 3470 ut
400 3411 478 3472 infra
502 3412 685 3484 videbimus,
711 3413 876 3490 imperante
904 3413 1059 3472 etiamtum
1086 3412 1246 3472 Caracalla
1271 3415 1375 3474 titulus
1402 3417 1541 3492 Aquinas

214 3513 302 3572 linem
319 3513 419 3584 faciat,
440 3511 568 3573 Casinas
589 3533 627 3572 ne
648 3532 714 3572 eam
736 3513 856 3590 quidem
871 3513 989 3585 habeat,
1010 3521 1135 3590 uterque
1150 3515 1253 3574 titulus
1267 3515 1422 3576 dedicatus
1437 3518 1477 3576 sit
1491 3537 1541 3575 ne·

215 3631 299 3672 cesse
320 3627 366 3672 est
385 3615 550 3690 imperante
565 3613 725 3673 Caracalla
745 3633 800 3674 nec
821 3632 897 3690 quae
918 3614 949 3672 iu
971 3633 1007 3673 eo
1022 3615 1161 3692 leguntur
1175 3617 1213 3674 ad
1228 3617 1355 3676 Macrini
1371 3617 1418 3676 vel
1434 3619 1541 3695 Elaga-

215 3715 277 3772 bali
297 3723 432 3793 tempora
453 3715 571 3775 trahere
592 3715 671 3774 licet.
709 3713 806 3788 Quam
829 3715 867 3774 ob
889 3734 951 3775 rem
973 3715 1010 3774 de
1031 3716 1088 3774 hac
1109 3717 1289 3778 iudicatione
1305 3739 1364 3779 non
1379 3719 1466 3779 video
1481 3738 1541 3796 quo

293 3977 316 4039 ¹)
346 3980 415 4030 Haec
434 3979 589 4044 colliguntur
606 3979 719 4031 maxime
737 3995 770 4030 ex
790 3979 883 4030 tabulis
895 3977 1031 4029 Arvalium
1044 3978 1198 4029 Marinianis
1217 3995 1243 4028 ιι.
1258 3979 1292 4030 32
1311 3995 1336 4030 a.
1352 3979 1403 4029 186
1422 3985 1448 4028 et
1466 3995 1492 4029 n.
1506 3980 1540 4030 39

217 4083 240 4117 a.
256 4070 309 4118 214
328 4071 394 4120 inter
411 4085 440 4120 so
459 4071 567 4122 collatis.
598 4071 720 4122 Fortasse
737 4069 837 4119 suffecti
856 4070 907 4119 iarn
926 4075 1120 4134 praetereuntur
1138 4070 1166 4119 in
1184 4069 1247 4119 actis
1266 4083 1290 4118 a.
1305 4071 1358 4120 200
1377 4069 1420 4130 (of.
1434 4064 1542 4120 Henze'n

216 4161 540 4225 ann.1867p.288).-
564 4163 596 4213 In
621 4162 737 4226 epistulis
758 4161 857 4211 duabus
875 4161 1025 4226 pontificum
1044 4167 1070 4209 et
1087 4160 1224 4211 XVrirum
1243 4174 1266 4209 a.
1283 4160 1335 4212 155
1354 4158 1444 4220 (Orell.
1458 4159 1540 4221 4370)

217 4257 243 4299 et
260 4240 558 4314 sanctoninus)
577 4259 602 4302 a
621 4253 748 4302 ornnem
767 4252 947 4303 morabuntur
966 4259 992 4300 a
1009 4250 1117 4301 sussen.

292 4338 316 4403 ²)
345 4343 386 4393 Cf.
406 4345 532 4408 Ulpianus
550 4344 613 4408 Dig.
632 4345 677 4404 44,
691 4345 718 4405 4,
732 4344 758 4405 4,
773 4343 821 4394 26:
841 4358 872 4394 eu
890 4341 1007 4408 delepota
1023 4341 1125 4408 pupilli.

292 4430 317 4494 ³)
346 4433 413 4484 Cum
432 4425 751 4495 araretur-rnrsnroals,
774 4440 801 4483 ut
820 4440 936 4484 extrema
953 4433 1038 4482 littera
1055 4432 1134 4482 hodie
1153 4431 1255 4482 deficiat
1274 4446 1321 4482 nec
1340 4438 1429 4482 testem
1448 4431 1542 4484 habeat

217 4523 266 4572 nisi
284 4523 425 4587 (lanciam,
445 4525 500 4574 lieri
518 4532 611 4590 potest,
631 4533 659 4575 ut
678 4526 704 4575 in
723 4525 809 4590 lapide
828 4525 907 4576 inerit
925 4523 993 4586 [item
1012 4521 1175 4586 Pannonici]
1194 4520 1347 4588 insertor[e].

291 4612 317 4676 ⁴)
343 4617 374 4666 1..
400 4632 421 4665 c.
448 4593 484 4676 (v.¹
507 4631 534 4680 p.
549 4617 599 4666 131
625 4615 710 4678 n.1)r
741 4617 851 4680 Legatos
874 4617 1018 4681 principum
1041 4615 1065 4664 ai
1087 4611 1235 4679 rr‘serr'rebbe
1258 4615 1287 4663 ai
1310 4612 1381 4664 brevi
1402 4615 1492 4682 imperi
1514 4613 1544 4664 di

216 4701 334 4755 Macrino
358 4721 371 4755 e
393 4705 423 4756 di
439 4703 597 4772 Eloquens,
623 4700 766 4758 od'ersendo
789 4705 906 4756 umdedue
929 4705 959 4755 di
978 4705 1092 4756 donanto
1110 4705 1240 4764 memoria,
1267 4721 1317 4756 non
1332 4712 1457 4772 paterano
1475 4704 1541 4755 indi-

217 4797 287 4846 carat*
304 4811 330 4846 re
349 4812 398 4847 noa
416 4804 592 4848 oscurunente.
622 4799 750 4863 Exempla
767 4797 888 4862 plurativi
907 4799 1006 4847 numeri
1024 4798 1061 4847 ita
1073 4797 1105 4847 de
1118 4786 1315 4862 imperatoribus
1328 4798 1379 4847 alio
1392 4803 1450 4861 post
1463 4797 1542 4847 alium

216 4887 400 4951 imperantibus
417 4889 534 4953 usurpati
553 4887 708 4954 Borghesius
726 4889 799 4938 nulla
816 4889 901 4938 attulit
918 4903 965 4938 nec
984 4889 1048 4938 mihi
1065 4895 1167 4954 praesto
1186 4895 1257 4951 sunt3
1277 4903 1336 4938 nam
1356 4887 1484 4938 diversum
1503 4893 1544 4936 eat

217 4979 286 5042 quod
310 4985 349 5028 est
371 4979 398 5028 in
421 4979 498 5028 titulo
516 4979 648 5032 Orelliano
667 4981 753 5032 3128:
776 4978 914 5046 qiuoeator)
939 4977 995 5028 dini
1016 4977 1146 5045 Aonian-r)
1170 4985 1193 5029 et
1216 4977 1255 5028 Ti.
1279 4977 1398 5029 Caesaris
1418 4984 1444 5026 et
1461 4977 1543 5027 multo

217 5070 298 5134 magis
316 5070 387 5135 quod
406 5077 444 5120 est
461 5071 489 5120 in
508 5071 674 5130 Heraeniano
688 5071 772 5122 648³:
799 5070 881 5136 leqoto
900 5069 1008 5120 eiusdem
1027 5069 1090 5131 (diri
1109 5068 1245 5130 Hadriani)
1265 5069 1292 5119 in
1314 5065 1413 5128 Cilicia,
1436 5067 1540 5129 consuli,

217 5159 300 5224 leqato
319 5161 346 5210 in
362 5157 457 5212 Cilicio
475 5161 533 5228 imp.
549 5161 670 5212 Antonini
682 5161 749 5227 Auq.
782 5161 882 5214 Graeca
900 5169 985 5212 autem
1003 5161 1100 5211 locutio
1118 5161 1217 5223 similis,
1237 5159 1269 5211 de
1287 5173 1338 5225 qua
1357 5173 1434 5224 supra
1452 5173 1477 5223 p.
1490 5160 1542 5208 110

217 5252 336 5316 exposuit
355 5251 546 5316 Dittenberger,
566 5253 600 5304 ad
619 5253 740 5304 Latinum
759 5268 832 5304 usum
851 5251 1069 5317 comprobandum
1088 5267 1141 5305 non
1159 5251 1229 5302 lacit.
