3750 5990
600 615 650 668 nn
676 609 821 670 rurvurs
847 616 1004 671 arrius.
1358 594 1463 676 '245

136 780 250 852 Φάβιος
271 806 337 849 esse
359 789 422 846 veri
444 787 638 859 simillimum,
664 788 792 846 alterum
813 781 965 857 Σεπτίμιος
986 787 1185 866 supplendum
1212 805 1280 848 esse
1300 799 1380 852 certe
1405 813 1466 854 non

136 889 335 966 improbabile
363 895 418 948 est.
468 887 515 946 De
541 887 633 948 tetius
660 887 742 946 tituli
768 887 906 947 clausula
931 906 950 947 a
976 907 1024 948 me
1051 889 1190 967 suppleta
1216 889 1291 950 nihil
1316 895 1466 970 estquod

140 989 257 1048 addam.

98 1143 99 1146 ,
220 1089 286 1148 Iam
307 1089 343 1146 de
365 1108 401 1147 eo
423 1089 476 1166 qui
496 1089 555 1148 hoc
576 1089 665 1148 titulo
685 1088 851 1148 honoratur
868 1091 1079 1164 quaerentibus
1094 1091 1224 1150 oecurrit
1240 1091 1271 1151 C.
1285 1091 1381 1152 Iuliae
1398 1094 1429 1154 0.
1437 1099 1467 1171 s.

139 1188 306 1266 Scopuluia,
321 1189 405 1248 cuius
420 1189 550 1248 honores
565 1190 597 1247 in
612 1189 728 1248 duobus
744 1189 839 1248 titulis
850 1189 1018 1266 Ancyranis
1035 1187 1068 1248 Ο.
1084 1191 1111 1248 1.
1125 1187 1179 1250 Gr.
1195 1189 1286 1249 4022.
1302 1189 1353 1265 23,
1363 1201 1394 1252 et
1408 1195 1468 1254 alio

139 1291 171 1347 in
186 1288 398 1348 Trachonitide
412 1297 541 1367 reperto,
557 1305 646 1364 quem
661 1289 889 1348 Mordtmannus
903 1289 994 1348 edidit
1007 1291 1086 1348 Mus.
1100 1290 1198 1349 Rhen.
1212 1290 1341 1350 XXVII
1354 1311 1384 1368 p.
1399 1293 1469 1370 149,

139 1399 338 1449 recensentur.
383 1388 518 1462 Quorum
539 1390 695 1448 titulorum
717 1388 819 1447 nullus
840 1390 956 1466 integer
976 1399 1032 1457 est,
1057 1390 1111 1448 sed
1133 1409 1172 1449 ex
1193 1391 1331 1452 omnibus
1352 1394 1469 1472 integra

141 1491 289 1548 honorum
304 1491 397 1548 series
414 1490 610 1566 componitur.
636 1491 738 1564 Atque
752 1490 874 1547 nomina
888 1490 1007 1566 quidem
1022 1490 1111 1568 plane
1125 1491 1229 1550 eadem
1245 1501 1324 1566 sunt
1336 1503 1470 1570 praeter·

142 1609 231 1666 quam
252 1589 334 1666 quod
354 1591 385 1648 in
407 1599 511 1648 nosne
537 1589 625 1648 titulo
650 1606 813 1666 cognomen
836 1593 907 1648 Φ...
930 1590 1063 1663 additur,
1091 1609 1152 1667 quo
1178 1591 1224 1650 illi
1253 1600 1363 1652 carent
1407 1592 1468 1655 Sed

140 1707 237 1766 neque
259 1690 370 1766 singuli
392 1691 522 1749 honores
545 1691 604 1748 sibi
625 1689 808 1766 respondent
829 1705 925 1765 neque
947 1697 1113 1767 temporum
1134 1693 1275 1751 rationes.
1311 1693 1368 1752 Ille
1390 1696 1469 1754 enim
1512 1729 1516 1736 ·

141 1787 275 1868 Scapula
295 1797 365 1865 post
386 1797 555 1865 praeturam
577 1799 607 1848 et
627 1789 869 1866 proconsulatum
884 1789 1018 1850 Achaiae
1038 1791 1155 1867 legatus
1176 1809 1231 1868 pro
1252 1800 1390 1868 praetore
1403 1795 1470 1854 Hu-

142 1893 242 1950 driusi
262 1891 453 1968 imperatoris
474 1890 541 1961 fuit,
563 1891 611 1948 hic
633 1891 692 1948 iam
707 1881 898 1966 quaesturam
914 1889 1055 1950 Armatae
1069 1892 1124 1950 Pio
1138 1892 1303 1968 imperante
1323 1905 1469 1970 gesserat.

142 1993 185 2049 At
212 1989 298 2048 illum
325 1990 415 2050 huius
443 1999 559 2066 patrem
580 1991 677 2050 fuisse
705 1990 867 2049 verisimile
895 2009 930 2049 ac
949 2011 1045 2068 paene
1073 2000 1186 2051 certum
1208 1999 1263 2050 est.
1306 1993 1386 2052 Nam
1407 2011 1468 2052 non

143 2089 242 2149 solum
266 2089 389 2148 nomina
415 2099 445 2148 ct
473 2098 641 2166 temporum
668 2091 801 2150 rationes
834 2109 871 2149 eo
897 2091 1019 2164 ducunt,
1057 2091 1109 2152 sed
1145 2091 1206 2150 alia
1230 2092 1353 2168 gravior
1378 2111 1472 2154 causa

143 2191 270 2249 accedit:
299 2188 333 2248 C.
349 2189 445 2248 Iulius
468 2187 600 2268 Scapula
620 2191 720 2250 iunior
739 2200 801 2250 tum
821 2210 887 2249 cum
909 2191 1014 2252 titulus
1028 2197 1189 2270 poneretur
1208 2191 1314 2252 aedilis
1332 2192 1471 2270 designa·

143 2299 192 2349 tus
219 2297 299 2364 erat,
328 2297 518 2366 quaesturam
540 2298 639 2350 autem
668 2291 928 2350 administraverat
953 2310 1015 2350 non
1040 2291 1271 2370 provincialem,
1302 2291 1356 2352 sed
1376 2295 1470 2371 impe·

142 2389 263 2450 tatoris.
308 2388 408 2463 Quare
436 2391 467 2448 iu
494 2391 558 2450 eius
583 2392 747 2451 honoribus
774 2401 854 2450 certe
881 2393 994 2452 nullam
1020 2410 1143 2451 causam
1167 2391 1298 2467 positam
1322 2393 1471 2468 videmus,

143 2511 196 2551 cur
217 2491 346 2549 Athenis
367 2491 557 2566 potissimum
585 2498 687 2550 statua
711 2499 811 2551 erecta
831 2493 1038 2552 honoraretur.
1081 2493 1125 2550 At
1146 2488 1306 2566 Scapulam
1327 2492 1471 2550 maiorem

144 2591 223 2650 tituli
237 2590 404 2666 indicant¹)
426 2591 636 2668 proconsulem
654 2593 788 2650 Achaiae
801 2592 912 2664 fuisse3
934 2609 1025 2666 quum
1047 2599 1146 2648 autem
1161 2590 1292 2649 sciamus
1306 2608 1366 2648 non
1381 2592 1471 2652 modo

143 2691 339 2769 proconsules
372 2691 457 2767 ipsos
490 2692 544 2750 aed
571 2691 661 2750 etiam
688 2711 792 2750 eorum
817 2692 929 2751 liberos
956 2708 1046 2764 saepe
1075 2689 1183 2748 statuis
1211 2688 1376 2750 honoratos
1403 2708 1471 2750 esse

145 2790 373 2867 (Friedlbuder‚
401 2792 624 2868 Duratclluapea
645 2811 699 2852 uua
726 2795 778 2852 der
799 2789 1045 2868 Sinnrpeeclticltte
1065 2789 1153 2848 Rome
1173 2789 1222 2847 III
1242 2808 1272 2865 p.
1294 2790 1362 2849 164.
1406 2789 1470 2850 cfr.

145 2893 235 2952 etiam
249 2910 327 2968 quae
342 2891 378 2950 de
392 2891 534 2950 Memmio
548 2892 666 2968 Regulo
688 2892 754 2951 dixi
775 2910 868 2967 supra
887 2909 915 2966 p.
934 2889 1018 2966 111.)
1039 2907 1079 2947 ex
1100 2907 1137 2946 ea
1149 2889 1217 2965 ipsa
1236 2909 1268 2948 re
1290 2891 1472 2952 coniciamus

147 2987 306 3068 Scapulam
328 2992 474 3050 iuniorem
495 2991 687 3067 proconsulis
708 2992 803 3049 filium
823 2991 927 3049 luisse.

231 3091 258 3152 8.
285 3091 373 3152 Basis
395 3092 553 3151 marmoris
567 3090 716 3150 Pentelici
736 3091 860 3148 inventa
880 3091 911 3148 in
933 3108 1001 3149 arce
1024 3087 1167 3148 orientem
1188 3107 1295 3150 versus
1317 3090 1472 3152 aPertbe-

147 3210 233 3267 noue,
255 3192 307 3252 ubi
328 3211 407 3252 nunc
429 3191 518 3252 etiam
540 3199 594 3250 est.
637 3189 695 3250 lid.
717 3189 849 3249 Pittalris
869 3187 937 3266 Ἐφ.
959 3185 1031 3270 ἅρχ.
1059 3209 1088 3248 n.
1112 3189 1182 3247 363.
1225 3189 1373 3263 Bursian,
1401 3193 1471 3251 Ber.

147 3295 199 3354 der
218 3293 311 3353 adele.
335 3292 400 3353 Ges.
424 3295 475 3352 der
501 3291 674 3351 Wissenacla
699 3291 789 3363 1860,
811 3309 841 3368 p.
858 3288 928 3348 218.
973 3286 1106 3348 Contulit
1125 3288 1268 3350 Kochler.

230 3393 402 3476 Τριπολιτῶν
422 3394 473 3463 τῆς
491 3391 496 3468 Ι
514 3384 655 3461 derasisse
676 3393 727 3460 τῆς
747 3391 823 3472 ἱερᾶς
843 3379 892 3448 nal
911 3379 1032 3469 ἆΙι-ιῖλου
1047 3379 1095 3446 nai
1110 3381 1265 3460 αιῖτινᾶμου
1284 3391 1290 3468 Ι
1308 3382 1356 3448 nai
1371 3413 1474 3475 renup-

148 3488 235 3573 χίδος
262 3493 286 3551 ei
313 3481 464 3576 ἆρχονΙτει·
489 3482 537 3550 καὶ
563 3490 579 3564 ἧ
605 3483 701 3562 βουλὴ
728 3480 777 3548 καὶ
803 3487 818 3548 o‘
847 3485 934 3562 δῆμοὲ
956 3490 961 3567 Ι
986 3481 1113 3558 Αἰμίλιον
1131 3485 1262 3567 ’irripiens
1283 3483 1474 3575 πρισβιυΙτιΙν

147 3585 308 3660 Σεβαστοῦ
334 3582 382 3650 uel
408 3582 641 3674 eiwrurprilra‘pue
665 3587 713 3648 τᾶν
740 3589 846 3647 ἑαυτῶν
868 3581 1009 3665 πολειἸτην
1033 3579 1081 3646 καὶ
1103 3581 1249 3674 εὗιργὲτην
1276 3584 1476 3676 rriqqoeprr'rr'ree

147 3683 238 3752 ἕνεκεν
260 3687 308 3750 διὰ
328 3683 512 3776 πρεσβευτοῦ
527 3687 534 3770 Ι
551 3683 636 3748 Γαίου
656 3683 775 3748 Ἰουλίου
796 3689 986 3774 Προκληΐανιῧ
1002 3683 1008 3768 Ι
1027 3679 1174 3759 ἀνέθηκαν
1199 3681 1453 3768 insudamus-credunt·
1469 3693 1474 3770 Ι

147 3795 200 3863 τῆς
227 3785 263 3872 ἐξ
286 3784 395 3874 'Aprica
421 3781 519 3866 πάγου
545 3783 658 3860 βουλῆς
681 3789 686 3868 Ι
709 3781 757 3849 καὶ
783 3792 834 3862 τῆς
858 3782 971 3859 βουλῆς
998 3789 1053 3844 τῶν
1074 3791 1098 3844 Φ
1123 3777 1171 3844 uel
1199 3791 1252 3846 τοῦ
1273 3787 1279 3866 Ι
1306 3781 1395 3860 δήμου
1421 3794 1476 3848 τῶν

146 3883 314 3961 Ἀθηναίων
331 3889 338 3966 Ι
357 3880 401 3947 ἐπὶ
421 3882 520 3971 ἱερείας
540 3893 592 3948 Φλ.
613 3881 789 3974 Φαιναρέτης.

234 3988 442 4052 Certissimum
463 3989 607 4066 temporis
628 3990 772 4050 indicium
794 3999 841 4049 sst
862 3997 983 4049 senatus
1005 3988 1243 4065 quingentorum,
1265 4006 1354 4064 quern
1374 4005 1476 4046 nume·

149 4111 216 4153 rum
237 4110 299 4150 non
320 4100 389 4151 ante
403 4090 588 4150 Hadrianum
611 4091 782 4150 restitutum
803 4109 872 4150 esse
893 4090 971 4148 inter
984 4106 1087 4147 omnes
1102 4086 1262 4164 constatl).
1296 4087 1403 4164 Neque
1426 4089 1476 4147 de·

152 4201 223 4255 sunt
244 4193 322 4253 aliae
342 4209 391 4252 res
414 4210 490 4269 quae
511 4206 572 4250 non
594 4209 702 4268 magno
724 4201 804 4251 certe
826 4189 968 4266 temporis
991 4189 1087 4266 spatio
1107 4197 1176 4248 ante
1197 4186 1385 4247 Hadrianum
1407 4189 1477 4248 titu-

149 4295 213 4354 lum
241 4294 442 4372 compositum
468 4293 682 4352 demonstrent.
725 4291 913 4350 Praenomen
941 4291 1006 4348 eiua
1032 4289 1084 4366 qui
1105 4289 1270 4349 honoratur
1291 4288 1437 4347 omissum
1460 4305 1479 4346 a

150 4395 240 4472 primi
265 4403 344 4454 certe
369 4414 399 4473 p.
424 4391 494 4454 Obr.
518 4393 631 4452 saeculi
656 4410 740 4452 more
762 4393 891 4452 alienum
918 4397 972 4450 est.
1011 4389 1130 4450 Deinde
1151 4389 1286 4466 Tripolis
1307 4389 1477 4449 Phoenices

152 4503 277 4555 vocatur
305 4487 457 4579 ναυαρχίς.
508 4492 576 4567 Quo
603 4493 723 4552 nomine
748 4499 854 4553 ornata
880 4492 911 4550 in
938 4492 1067 4552 nummis
1088 4490 1209 4569 quidem
1230 4491 1305 4552 haec
1325 4493 1397 4552 urbs
1419 4509 1480 4551 non

153 4658 356 4670 1-1-

232 4757 255 4820 ¹)
279 4747 421 4812 sesbasar
444 4751 560 4832 ’Δχαῒας
583 4777 636 4812 non
655 4769 783 4812 servatum
807 4769 846 4812 est
868 4762 919 4812 nisi
939 4762 967 4811 in
992 4761 1067 4811 titulo
1085 4760 1323 4823 Mordtmenniano‚
1349 4775 1428 4826 quum
1453 4761 1481 4809 in

157 4849 260 4900 duobus
272 4849 377 4914 reliquis
393 4840 536 4903 destinarer
547 4867 588 4903 *ex
601 4859 674 4918 parte
687 4861 816 4904 senatum
835 4853 876 4914 sit,
895 4853 1044 4916 provinciae
1057 4858 1143 4902 autem
1161 4866 1256 4902 nomen
1273 4857 1356 4900 tutum
1368 4847 1482 4915 perierit

233 4935 258 5002 Ἰ
281 4939 343 4990 Non
363 4940 418 4990 dixi
430 4939 565 4993 Hadriani
582 4950 697 5011 tempore,
717 4944 763 4994 aed
780 4959 830 4994 aea
848 4949 906 4993 ente
918 4943 1081 4993 Hadrianum
1098 4949 1204 5008 propter
1215 4941 1364 4995 Neubaueri
1382 4941 1483 4991 coniec-

156 5037 254 5094 turam,
284 5031 328 5097 qui
355 5031 383 5080 id
408 5031 544 5084 Antonino
567 5035 618 5085 Pio
641 5035 797 5100 imperatore
822 5034 921 5085 iachim
944 5041 1026 5098 putat.
1068 5033 1231 5100 Quamquam
1259 5032 1329 5082 enim
1356 5032 1484 5082 mentior

156 5121 330 5173 Hincbleldio
348 5121 499 5174 Nenbaueri
523 5126 678 5176 senentiam
700 5126 871 5192 improbanti,
897 5132 984 5176 tamen
1004 5125 1064 5190 qula
1088 5139 1120 5176 ex
1139 5125 1189 5176 hec
1210 5126 1268 5190 ipso
1287 5122 1391 5174 demum
1410 5121 1484 5172 titulo

157 5211 212 5263 elus
231 5214 268 5264 rei
287 5219 465 5279 argumentum
484 5223 607 5281 repetam,
627 5217 742 5269 nuncid
760 5219 788 5268 in
806 5217 892 5268 medio
911 5216 1106 5282 relinquendum
1125 5224 1172 5267 est.

1241 5304 1278 5362 18
