3812 5960
411 573 435 640 4
832 587 1038 642 urusuaars
1064 586 1322 640 srlcnsrsrcn.

499 755 612 822 Habet
642 765 751 822 autem
779 764 816 820 ut
844 777 928 842 opus
951 755 999 820 ita
1022 755 1226 821 continuatio
1250 779 1343 823 suam
1367 753 1606 821 difficultatem.
1651 755 1742 821 Nam

411 870 642 956 supplementa
672 891 746 934 cum
776 880 814 934 ut
841 870 950 955 ipsum
974 867 1105 956 Corpus
1136 869 1316 936 secundum
1338 869 1492 958 regiones
1515 869 1744 936 distribuenda

411 986 495 1068 sint,
525 984 700 1071 quotannis
729 983 950 1070 particulatim
979 982 1032 1049 edi
1054 1006 1121 1048 non
1144 992 1302 1069 possunt3
1332 1007 1439 1071 neque
1463 984 1665 1050 onerandum
1690 995 1743 1052 est

412 1097 543 1184 Corpus
577 1099 605 1164 1.
641 1097 683 1164 L.
726 1096 1023 1163 additamentorum
1057 1097 1223 1164 fasciculis
1256 1107 1394 1184 propter
1426 1099 1536 1185 ipsum
1569 1122 1743 1166 numerum

410 1213 578 1296 molestis,
613 1235 720 1298 neque
756 1211 1043 1294 committendum,
1077 1221 1115 1278 ut
1149 1210 1191 1278 ad
1224 1212 1331 1298 prima
1364 1235 1513 1298 quaeque
1548 1214 1742 1302 apographa

410 1328 604 1414 plerumque
633 1327 864 1414 inscriptiones
894 1328 928 1391 in
959 1349 997 1392 eo
1022 1325 1162 1392 edantur
1184 1348 1284 1412 saepe
1306 1325 1565 1394 mendosissima.
1612 1327 1742 1396 Rursus

410 1451 520 1508 autem
549 1465 750 1530 magnopere
779 1440 959 1526 optandum
989 1449 1058 1524 est,
1088 1450 1126 1506 ut
1155 1440 1183 1506 si
1210 1463 1278 1506 non
1310 1441 1419 1506 omnin
1442 1451 1531 1508 certe
1553 1443 1686 1528 potiora
1710 1453 1744 1508 et

410 1557 563 1644 graviora
586 1579 660 1622 cum
683 1555 800 1620 harum
823 1579 931 1620 rerum
956 1554 1112 1621 studiosis
1137 1555 1289 1622 omnibus
1313 1578 1411 1641 quarn
1434 1556 1575 1642 primum
1595 1579 1743 1623 commu·

409 1671 570 1736 uicentur.
617 1670 711 1736 Haec
740 1668 870 1736 diversa
900 1679 932 1734 et
960 1668 1202 1754 quodammodo
1234 1669 1397 1736 contraria
1422 1678 1461 1735 ut
1488 1679 1647 1756 quantum
1669 1672 1743 1737 fieri

409 1793 522 1871 potest
551 1785 821 1866 conciliarentur,
851 1783 1033 1849 Academia
1060 1807 1143 1869 quae
1173 1807 1260 1849 nova
1283 1784 1352 1850 sive
1375 1785 1410 1849 in
1433 1783 1525 1851 libris
1550 1785 1647 1852 editis
1670 1786 1743 1851 sive
1867 1779 1868 1782 ¹

410 1900 560 1986 epistulis
589 1899 733 1965 virorum
763 1898 935 1964 doctorum
966 1896 1142 1964 afferantur
1170 1898 1280 1963 statim
1308 1898 1486 1964 examinari
1517 1898 1614 1966 iussit
1644 1909 1677 1966 et
1708 1901 1743 1964 iu

411 2014 614 2079 collectanea
637 2013 761 2094 referri,
786 2011 960 2078 editionem
984 2033 1062 2077 vero
1087 2012 1389 2098 supplementorum
1411 2033 1479 2077 non
1501 2013 1573 2078 fieri
1595 2013 1662 2080 nisi·
1681 2037 1744 2100 per

409 2128 583 2194 intervalla
612 2127 737 2192 maiora
768 2135 801 2192 et
833 2126 1043 2212 postmodum
1076 2126 1206 2192 demum
1235 2135 1334 2212 prout
1367 2149 1405 2192 ea
1434 2127 1656 2192 succreverint
1684 2128 1743 2194 de·

409 2240 572 2326 finienda,
600 2241 730 2308 interim
753 2264 832 2306 vero
857 2263 912 2322 ea,
942 2241 1061 2326 quibus
1084 2239 1267 2306 litterarum
1292 2240 1486 2306 Latinarum
1510 2241 1651 2309 studiosi
1672 2265 1743 2309 non

411 2357 481 2423 sine
504 2356 712 2422 incommodo
737 2355 861 2422 diutius
886 2363 1037 2438 careant,
1068 2355 1179 2421 statim
1206 2353 1259 2421 edi
1284 2354 1493 2441 ephemeride
1517 2355 1559 2421 ad
1581 2355 1616 2422 id
1638 2379 1743 2423 unum

411 2470 586 2538 destinata.
632 2471 715 2537 Eius
745 2470 870 2559 negotii
901 2479 935 2536 et
963 2471 1104 2536 maxime
1137 2469 1355 2556 ephemeridis
1385 2468 1533 2536 edendae
1557 2493 1669 2537 curam
1702 2473 1743 2538 iis

409 2586 618 2672 potissimum
653 2585 886 2667 demandavit,
925 2585 982 2670 qui
1016 2585 1168 2650 instituto
1203 2583 1455 2673 archaeologico
1489 2584 1640 2652 Romano
1674 2587 1743 2653 iam

409 2701 514 2786 ipsius
542 2698 743 2766 Academiae
774 2700 930 2786 auspiciis
960 2708 1051 2765 recto
1082 2699 1239 2785 praefecti
1272 2707 1359 2766 sunt.
1405 2698 1494 2765 Nam
1521 2709 1560 2766 ut
1581 2701 1679 2767 Italia
1711 2717 1744 2769 et

410 2816 444 2880 in
466 2815 565 2882 Italia
592 2815 733 2882 maxime
762 2815 842 2882 urbs
872 2823 1006 2880 aeterna
1035 2813 1152 2880 horum
1182 2812 1366 2880 studiorum
1389 2813 1482 2901 origo
1507 2825 1558 2881 est
1581 2825 1614 2882 et
1636 2815 1744 2884 domi-

411 2929 539 3013 cilium,
567 2930 615 2996 ita
637 2929 832 2998 Institutum
861 2928 944 2994 illud
974 2927 1016 2995 ad
1040 2927 1074 2994 id
1097 2929 1222 3015 ipsum,
1251 2951 1317 3014 quo
1345 2949 1407 2994 nos
1429 2927 1612 3013 tendimus,
1642 2931 1743 2998 etiam

411 3053 488 3110 ante
519 3054 637 3132 sponte
666 3068 726 3111 sua
754 3043 895 3110 tetendit
926 3043 1118 3129 nullumque
1151 3041 1249 3109 hodie
1277 3033 1371 3109 ¹catat
1401 3045 1661 3131 promptuarium
1690 3047 1743 3112 in·

411 3159 627 3246 scriptionum
656 3159 852 3226 Latinarum
880 3180 986 3243 nuper
1016 3165 1219 3244 repertarum
1249 3159 1356 3224 minus
1384 3159 1611 3246 imperfectum
1642 3183 1743 3245 quam

411 3279 489 3338 sunt
511 3281 586 3338 acta
609 3274 680 3339 eius
703 3273 828 3339 maiora
850 3272 1051 3358 minoraque.
1091 3270 1162 3337 Iam
1179 3272 1376 3358 Ephemeris
1399 3272 1482 3340 haec
1504 3273 1583 3338 licet
1600 3273 1646 3340 ibi
1663 3274 1744 3341 eda·

410 3396 481 3467 tur,
508 3385 566 3452 ubi
592 3385 700 3452 editur
724 3383 872 3472 Corpus,
902 3388 995 3452 cuius
1018 3408 1085 3451 non
1109 3395 1160 3454 est
1183 3387 1246 3453 nisi
1270 3387 1415 3454 accessio
1439 3387 1549 3474 aliqua
1572 3397 1605 3454 et
1628 3397 1743 3456 aucta-

410 3501 504 3583 rium,
529 3501 591 3567 en't
614 3510 647 3567 et
664 3501 738 3586 ipsa
752 3501 901 3567 Instituti
917 3500 1159 3591 archaeologici
1173 3499 1325 3585 Romani,
1349 3525 1584 3590 speramusque
1599 3503 1680 3588 fore,
1703 3514 1744 3570 ut

411 3615 596 3682 coniunctis
624 3617 712 3682 curis
734 3616 895 3683 Italorum
919 3614 1243 3702 Germanorumque,
1274 3639 1413 3702 quorum
1436 3617 1502 3684 illis
1524 3616 1607 3684 haec
1630 3617 1743 3685 studia

410 3729 519 3815 patria
541 3739 634 3814 sunt,
664 3730 716 3798 his
739 3731 805 3796 iam
830 3729 1007 3818 adoptiva,
1032 3730 1196 3797 adiunctis
1219 3731 1297 3796 item
1322 3741 1504 3798 ceterarum
1526 3733 1697 3798 nationum
1723 3758 1744 3801 a

411 3845 638 3913 communibus
661 3845 843 3912 litterarum
867 3845 984 3913 studiis
1007 3869 1075 3912 uon
1098 3845 1344 3913 abhorrentium
1368 3845 1501 3931 officiis,
1524 3846 1579 3913 hic
1601 3847 1743 3936 inscrip-

410 3960 536 4026 tionum
566 3959 761 4028 Latinarum
792 3983 909 4029 recens
942 3971 1146 4048 repertarum
1177 3960 1353 4028 thesaurus
1382 3983 1443 4048 per
1473 3982 1578 4027 annos
1610 3962 1742 4030 futuros

409 4075 511 4143 fontis
534 4077 685 4163 perpetui
708 4078 813 4142 instar
835 4078 1022 4144 scaturriat.

499 4191 625 4258 Verum
654 4199 705 4258 est
732 4192 855 4258 fontem
884 4191 993 4258 adhuc
1023 4191 1154 4257 minime
1181 4189 1373 4272 scaturrire‚
1403 4190 1502 4256 immo
1525 4190 1581 4256 vix
1604 4191 1740 4258 stillare.

411 4303 500 4370 Nam
524 4327 598 4370 cum
621 4306 718 4372 nobis
740 4307 1010 4392 proposuerimus
1034 4304 1123 4370 edita
1146 4303 1277 4370 demum
1293 4305 1461 4372 volumina
1477 4303 1636 4390 Corporis
1651 4305 1679 4372 Ι.
1696 4306 1740 4373 L.

294 4483 303 4494 ,
412 4417 504 4484 hisce
527 4419 649 4485 nostris
672 4419 813 4506 pagellis
836 4420 1001 4506 supplere,
1025 4419 1134 4484 adhuc
1149 4420 1213 4484 tria
1228 4427 1356 4485 tantum
1371 4419 1565 4506 prodierunt
1580 4419 1742 4506 antiquis-

413 4531 587 4615 simarum,
609 4533 883 4618 Hispanicarum,
906 4533 1182 4621 Pompeianarum
1211 4533 1366 4620 penicillo
1390 4534 1509 4601 stilore
1532 4533 1739 4620 scriptarum.

411 4645 521 4712 Erunt
548 4647 650 4735 igitur
680 4648 737 4732 qui
763 4671 825 4715 nos
854 4648 1098 4736 reprehendant
1120 4657 1258 4735 propter
1279 4671 1533 4737 praeproperam
1555 4647 1741 4715 festinatio·

411 4783 505 4841 nem3
529 4761 589 4828 sed
611 4760 756 4846 videant,
779 4785 821 4829 ne
843 4763 1008 4830 fallantur.
1046 4764 1136 4831 Nam
1160 4773 1210 4830 est
1233 4762 1358 4850 aliquid
1380 4763 1414 4828 in
1436 4764 1497 4829 tali
1520 4786 1555 4829 re
1579 4761 1740 4848 coepisse.

412 4875 544 4942 Deinde
568 4877 868 4963 antiquissimarum
891 4879 1042 4967 syllogen
1065 4887 1142 4945 anta
1164 4877 1226 4944 hos
1250 4887 1325 4944 octo
1350 4899 1455 4945 annos
1471 4876 1593 4945 editam
1608 4875 1742 4964 supple-

412 4999 559 5056 mentum
581 4991 635 5057 vel
657 4989 757 5058 hodie
780 4993 945 5077 requirere
968 4993 1067 5080 periti
1088 5016 1155 5058 non
1178 4993 1365 5082 negabunt,
1392 5015 1455 5060 nec
1478 4999 1636 5078 spernent
1659 5011 1741 5078 quas

413 5102 565 5172 dabimus
580 5105 749 5192 Hispanas
773 5118 806 5175 et
820 5107 1038 5197 Pompeianas
1061 5107 1140 5176 licet
1161 5131 1298 5175 numero
1321 5130 1389 5173 non
1412 5107 1460 5174 ita
1475 5107 1605 5174 multas.
1640 5105 1742 5172 Prae·
