3812 5960
134 627 233 680 28·33
561 620 644 672 VOL.
659 621 673 670 1
690 619 1043 682 ANTIQVISSIMARVM.

134 796 184 856 28
206 798 236 855 in
258 795 326 853 basi
348 791 475 851 rotunda
497 791 613 868 pineae.
657 791 822 850 Praeneste
844 792 925 868 apud
946 791 1144 850 Bonanninm.

670 941 944 986 c·nucttr·'r·r

135 1063 309 1140 Descripsit
330 1061 586 1138 Trendelenburg.

136 1270 185 1329 29
210 1271 243 1328 in
270 1269 404 1347 margine
430 1268 572 1327 interiore
598 1267 681 1326 basis
706 1267 852 1326 rotundae
878 1268 993 1342 pineae.
1035 1267 1199 1326 Praeneste
1224 1268 1255 1325 in
1277 1267 1370 1326 fundo
1392 1269 1467 1328 Bar·

179 1370 335 1429 beriniano
356 1387 419 1444 rep.
443 1389 470 1427 a.
489 1368 577 1426 1863.
621 1367 722 1426 Hodie
743 1367 823 1443 apud
844 1367 1043 1425 Bonannium.

723 1519 737 1560 1
753 1532 759 1545 ·
776 1516 886 1560 ΑΝΙΕΙΟ

136 1638 303 1698 Henzenus
325 1639 407 1696 Ball.
433 1639 511 1697 1863
533 1657 563 1715 p.
582 1637 639 1695 123
663 1657 681 1695 a
703 1635 867 1696 Cioerchia.

179 1741 308 1798 Anicios
328 1739 543 1798 Praenestinos
565 1739 642 1796 alios
665 1738 757 1796 habes
783 1737 809 1808 Ι,
826 1737 958 1796 75-77.

139 1945 187 2006 39
215 1948 248 2005 in
274 1947 340 2022 ipsa
366 1945 455 2022 pinea
479 1945 588 2004 litteris
615 1963 720 2020 parum
743 1945 832 2004 certis
877 1943 1040 2002 Praeneste
1061 1944 1092 2002 111
1114 1944 1203 2002 vinea
1224 1943 1375 2004 Dominiei
1397 1944 1472 2006 Cec-

179 2047 249 2106 coni
272 2047 363 2106 adfini
385 2046 489 2104 vineae
511 2063 539 2122 q.
564 2046 592 2104 d.
616 2047 646 2104 lo
671 2045 851 2104 Golomdello.
894 2043 993 2104 Hodie
1015 2045 1094 2122 apud
1115 2045 1317 2104 Bonannium.

640 2195 720 2239 ΜΔΙΟ
735 2209 743 2224 ·
758 2196 862 2240 antem
877 2209 884 2224 ⁸
901 2197 920 2240 C
935 2209 942 2224 ·
958 2197 974 2238 F

139 2317 291 2394 Eetypnm
306 2317 386 2376 misit
397 2315 558 2376 Henzenus
574 2327 727 2392 acceptum
743 2335 761 2372 a
773 2315 812 2374 D.
825 2315 982 2376 Bonannio
998 2315 1151 2391 ediditque
1166 2315 1248 2374 Bull.
1265 2316 1343 2376 1866
1358 2337 1387 2394 p.
1405 2319 1472 2377 135.

181 2417 480 2494 Trendelenburgius
503 2418 620 2492 excepit
642 2418 700 2474 sie:
723 2431 799 2474 runo
812 2445 819 2460 ·
830 2419 920 2475 nrllta
932 2446 938 2460 ·
952 2433 970 2476 c
982 2446 988 2460 ·
1001 2419 1037 2474 sl.

142 2623 182 2684 31
208 2627 241 2684 in
265 2623 399 2700 margine
426 2624 581 2700 superiore
609 2623 692 2682 basis
714 2623 860 2680 rotundae
882 2623 997 2697 pineae.
1041 2623 1205 2682 Praeneste
1227 2624 1258 2681 in
1280 2623 1371 2682 fundo
1393 2625 1473 2682 dieto

183 2727 214 2784 la
240 2725 412 2786 Colomlello
437 2743 500 2799 rap.
529 2744 567 2783 m.
591 2721 672 2800 Sept.
700 2742 728 2782 e.
748 2725 836 2782 1868.
881 2723 981 2782 Hodie
1005 2724 1037 2782 ia
1062 2723 1155 2781 fundo
1178 2722 1396 2782 Barberiniano
1423 2726 1474 2800 qui

183 2826 293 2884 dieitur
314 2831 345 2885 ai
362 2829 452 2902 proti.

643 2920 979 2965 c·anr0n10·nv·s

143 3043 308 3102 Henzenus
331 3043 369 3102 ad
390 3053 531 3119 ectypum
554 3042 678 3100 missum
701 3061 720 3099 a
743 3040 781 3099 D.
805 3041 962 3100 Bonannio
984 3041 1067 3100 Bell.
1093 3041 1171 3100 1869
1194 3060 1223 3118 p.
1243 3041 1311 3101 165.
1355 3117 1358 3124 ¹

184 3144 222 3202 In
245 3143 346 3220 lapide
368 3151 414 3202 est
433 3159 532 3216 ΜΗ),
555 3162 615 3200 non
638 3158 721 3201 Μ.

146 3347 190 3408 32
212 3353 245 3409 in
266 3351 333 3408 basi
354 3349 502 3425 quadrata
522 3349 639 3425 pineae.
681 3347 756 3424 Rep.
779 3349 944 3409 Praeneste
967 3369 986 3408 a
1009 3347 1179 3409 Galeassio.

681 3499 823 3542 nanctus
839 3515 846 3528 ·
863 3493 882 3542 c
898 3513 905 3528 ·
921 3501 937 3543 1

145 3619 296 3697 Eetypum
321 3619 403 3678 misit
422 3617 586 3677 Henzenus
609 3629 762 3695 acceptum
784 3638 804 3676 a
825 3617 990 3692 Cioerehia,
1013 3619 1051 3678 ad
1073 3621 1153 3696 quod
1176 3620 1270 3680 edidit
1290 3620 1372 3680 Ball.
1399 3623 1479 3700 1864

146 3741 173 3798 p.
189 3721 240 3778 21.

147 3925 190 3985 33
217 3929 251 3985 in
276 3927 341 3985 basi
368 3925 518 4002 quadrata
538 3927 654 4002 pineae.
697 3926 862 3985 Praeneste
883 3947 945 4004 rep.
967 3927 998 3984 in
1020 3927 1114 3984 fundo
1136 3944 1165 4000 q.
1188 3925 1216 3984 d.
1240 3928 1270 3984 la
1294 3926 1476 3998 colondelle,

187 4027 277 4086 hodie
299 4030 330 4084 oi
346 4029 438 4103 proti.

708 4125 798 4168 111111
813 4139 820 4154 ·
835 4128 855 4166 Α
871 4139 877 4154 ·
899 4126 915 4166 1

781 4225 847 4268 ears

148 4307 317 4386 Desen'psit
338 4309 594 4388 Trendelenburg.

187 4409 269 4484 [Hic
290 4410 395 4468 titulus
417 4420 447 4468 et
468 4431 496 4468 n.
514 4411 551 4469 63
576 4431 611 4469 eo
633 4411 753 4470 nomine
776 4411 923 4470 notabiles
946 4421 1031 4482 sunt,
1053 4410 1134 4486 quod
1157 4429 1325 4488 cognomen
1346 4413 1480 4478 mulieris

148 4509 259 4570 habent
283 4521 355 4587 post
376 4511 562 4588 gentilicium
585 4511 642 4570 soli
665 4531 703 4570 ex
726 4511 933 4570 Praenestinis
956 4511 1014 4570 his.
1057 4510 1137 4570 Nam
1158 4521 1315 4589 praeterea
1336 4532 1414 4590 quae
1436 4515 1481 4573 in-

148 4613 308 4671 veniuntur
328 4613 486 4670 mulierum
508 4613 630 4670 nomina
652 4621 769 4688 praeter
783 4613 977 4690 gentilicium,
1000 4611 1026 4670 ei
1042 4623 1276 4690 praeponuntur,
1298 4623 1332 4672 ut
1345 4614 1481 4675 Eueleeie

149 4709 171 4781 1,
186 4711 240 4784 94;
266 4710 346 4771 (laio
367 4712 448 4790 (eph.
465 4713 504 4772 49
527 4714 565 4771 11.
588 4733 617 4771 n.
635 4712 703 4789 69);
730 4713 845 4782 Carano,
864 4713 993 4772 sonasse
1014 4732 1069 4788 pro
1093 4712 1221 4786 Gemino,
1244 4713 1269 4788 1,
1287 4713 1325 4773 99
1333 4735 1342 4786 3
1369 4715 1482 4776 (111111

148 4810 262 4885 1,155;
283 4811 417 4889 L(ueia)‚
441 4813 467 4870 si
483 4813 588 4872 titulus
603 4821 683 4872 11111
698 4814 793 4872 leatus
809 4819 864 4884 est,
887 4814 955 4889 eph.
972 4813 1025 4884 903
1049 4813 1142 4886 Maio,
1160 4815 1179 4872 i.
1193 4833 1218 4874 e.
1235 4815 1345 4887 Maior,
1366 4815 1393 4888 1,
1412 4817 1481 4876 108.

153 4911 217 4971 159.
248 4913 315 4988 eph.
338 4912 550 4973 31111117
577 4915 614 4973 11.
637 4915 692 4986 73;
721 4913 821 4972 Morio
841 4914 957 4986 1‚149.
987 4914 1054 4990 eph.
1076 4915 1132 4986 64;
1158 4915 1258 4987 Mino,
1286 4915 1480 4987 1111111111,

150 5009 177 5084 1,
194 5013 244 5071 78.
266 5013 402 5072 91153.
427 5014 495 5073 161.
518 5015 587 5091 eph.
608 5017 657 5072 44.
680 5015 734 5086 80;
762 5015 861 5073 Radia
882 5015 911 5084 Ι,
929 5014 1041 5086 15011;
1069 5015 1149 5074 litio
1170 5016 1218 5073 vel
1244 5017 1318 5074 Tert.
1344 5017 1410 5091 eph.
1431 5018 1480 5076 51.

152 5112 218 5171 108.
261 5113 347 5173 Haeo
368 5115 527 5174 mulierum
549 5115 685 5188 nomina,
707 5115 733 5174 si
755 5116 889 5192 excipias
913 5114 1009 5176 Gaiae
1032 5123 1061 5174 et
1083 5115 1203 5175 Tertiae
1226 5127 1256 5174 et
1277 5116 1399 5176 dubium
1422 5117 1481 5176 Lu-

150 5211 224 5286 eiae,
247 5232 306 5272 non
328 5225 480 5290 notantur,
504 5215 558 5276 sed
579 5217 814 5292 perscribuntur,
837 5235 903 5276 oum
928 5216 1061 5276 virorum
1087 5218 1283 5294 praenomina
1303 5219 1407 5294 pausis
1430 5237 1482 5280 ex·
