3858 5960
370 617 419 690 94
932 633 1131 685 manus

368 809 504 888 legiones
525 805 631 866 iisdem
652 803 760 862 astris
781 802 1010 880 haherentcr1).
1053 803 1089 862 Id
1110 821 1230 880 quoque
1251 804 1309 864 huc
1329 805 1416 878 iacit,
1438 808 1520 882 quod
1543 808 1616 871 Sex.
1637 811 1700 871 Au·

368 911 467 970 lienus
489 907 533 983 (n.
550 905 583 982 t)
605 913 729 964 vocatur
746 905 910 980 praefectur
931 913 1089 963 coruom
1109 905 1296 981 Imperatoris
1313 905 1446 966 Quoue
1467 908 1595 986 Augusti
1614 922 1640 970 et
1656 912 1699 970 Τι’.

372 1012 510 1072 Caesaris
534 1005 675 1082 Augusti3
700 1005 792 1082 legati
818 1004 897 1064 enim
925 1005 1100 1080 provinciae
1128 1011 1158 1064 et
1183 1005 1327 1082 legionis,
1356 1017 1567 1082 procuratores
1589 1011 1699 1088 aliique

369 1112 563 1188 magistratus
590 1108 629 1166 ab
650 1107 832 1181 Imperatore
858 1105 951 1164 creati
978 1106 1066 1180 eique
1087 1106 1147 1183 ipsi
1168 1105 1283 1166 subditi
1303 1107 1383 1166 haud
1404 1127 1473 1168 raro
1494 1121 1638 1170 vocantur
1660 1113 1699 1170 le·

368 1216 444 1290 pati,
469 1217 672 1287 procuratores
698 1217 747 1265 cet.
769 1206 956 1282 Imperatoris
976 1206 1073 1266 illisas
1100 1207 1272 1266 rixantem
1293 1226 1426 1284 unquam
1447 1210 1505 1270 hoc
1526 1212 1616 1270 modo
1638 1213 1698 1272 lm-

368 1312 517 1392 peratoris
538 1327 647 1368 nomen
668 1307 832 1366 tribunatui
853 1307 996 1380 militnm,
1022 1307 1229 1384 praefecturae
1251 1308 1384 1368 cohortis
1406 1309 1524 1382 alaeve,
1550 1314 1698 1372 centurio·

368 1414 489 1474 natibus
509 1409 682 1468 adiunctum
704 1408 847 1484 reperies.¹
888 1406 937 1468 Ne
958 1425 1030 1466 vero
1051 1408 1125 1466 mihi
1146 1426 1294 1485 opponas,
1315 1409 1398 1485 quod
1412 1407 1590 1470 Caetronius
1612 1413 1697 1472 Pisa-

369 1533 443 1586 nus,
468 1512 680 1570 Africanorum
706 1517 875 1568 castrorum
900 1508 1085 1586 praefectus,
1112 1508 1196 1568 iussu
1221 1508 1313 1585 legati
1333 1509 1462 1587 legionis
1480 1511 1591 1570 Valerii
1612 1512 1697 1572 Festi

369 1617 399 1674 in
413 1613 534 1674 vincula
554 1611 699 1670 conicitur
720 1608 763 1684 (n.
780 1607 848 1684 20)=
871 1619 901 1668 et
921 1609 1054 1686 legatum
1075 1609 1203 1685 legionis
1217 1609 1267 1668 ΙΙΙ
1282 1611 1440 1688 Augustae
1461 1612 1551 1671 simul
1566 1613 1697 1692 legatum

368 1715 541 1793 provinciae
561 1712 656 1770 luisse
670 1707 830 1768 Numidiae
852 1727 929 1786 quae
949 1717 1056 1786 postea
1076 1709 1157 1768 dicta
1176 1719 1233 1782 est,
1255 1717 1384 1782 constat,
1405 1730 1460 1772 uec
1481 1713 1629 1772 eiusmodi
1646 1733 1697 1772 ex-

368 1816 530 1893 plicatione
551 1811 600 1870 hio
620 1827 754 1887 egemus:
784 1811 890 1870 eodem
911 1811 990 1870 enim
1011 1817 1179 1888 praetextu,
1200 1829 1261 1887 qno
1283 1810 1425 1870 Pisanum
1448 1813 1565 1887 vinciri,
1587 1814 1697 1874 Festus

368 1917 511 1976 Pisonem
528 1914 650 1974 Africae
671 1911 882 1992 proconsulem
904 1910 1029 1970 interfici
1051 1911 1151 1982 iussit,
1172 1912 1226 1988 qui
1246 1912 1353 1989 procul
1374 1912 1464 1974 dubio
1485 1915 1550 1974 eius
1571 1915 1697 1993 imperio

368 2017 505 2076 subditus
526 2034 586 2074 non
608 2025 680 2074 erat.

450 2117 583 2176 Absente
608 2124 706 2174 autem
733 2113 834 2191 legato
856 2113 1032 2190 plerumque
1053 2111 1135 2170 vices
1157 2112 1223 2170 eius
1244 2113 1416 2191 suscepisse
1437 2115 1563 2175 ridetur.
1606 2115 1697 2176 Taci-

368 2229 417 2278 tus
438 2217 516 2277 enim
538 2223 641 2274 namet
662 2215 704 2290 (n.
723 2214 777 2290 15)
797 2213 942 2273 Poenium
957 2213 1135 2272 Postumum
1156 2213 1340 2290 preelectum
1360 2222 1528 2276 castrorum
1549 2217 1697 2276 secundae

367 2318 496 2395 legionis
527 2315 607 2376 bello
639 2315 829 2386 Britannico,
861 2313 989 2390 cognitis
1020 2313 1358 2389 quartadecumanornnr
1391 2315 1697 2393 vicesimanorumque

367 2417 522 2496 prosperis
543 2417 647 2487 rebus,
673 2416 744 2493 quia
764 2415 830 2492 pari
850 2413 948 2490 gloria
966 2413 1115 2490 legionem
1143 2430 1230 2474 suam
1256 2414 1459 2476 fraudavisset
1484 2418 1697 2494 abnuissetque

368 2525 474 2578 contra
492 2517 582 2576 ritrrm
603 2515 727 2576 militiae
748 2516 832 2576 iussa
852 2514 938 2574 ducis
959 2511 1096 2574 Suetonii
1116 2514 1248 2585 Paulini,
1272 2515 1365 2592 legati
1384 2517 1556 2594 provinciae
1577 2517 1696 2577 Britan-

368 2620 449 2692 niae,
475 2619 575 2695 ipsum
602 2633 636 2676 so
661 2616 762 2695 gladio
787 2615 982 2693 transegisse.
1025 2612 1153 2674 Videtur
1180 2615 1272 2693 igitur
1295 2616 1376 2694 legio
1397 2618 1529 2677 secunda
1548 2617 1601 2678 illo
1622 2626 1696 2678 tem·

367 2739 441 2799 pore
465 2719 595 2796 legatum
621 2735 682 2776 non
707 2716 862 2776 habuisse:
889 2733 979 2794 quem
1001 2716 1027 2776 si
1048 2715 1218 2788 habuisset,
1245 2717 1272 2776 ei
1295 2715 1458 2777 Suetonius
1478 2719 1625 2794 imperare
1646 2719 1696 2778 de-

366 2822 469 2894 bebat,
499 2829 532 2878 ut
559 2819 706 2897 legionem
736 2818 897 2878 adduceret
921 2817 1046 2893 eiusque
1073 2823 1139 2876 erat
1165 2815 1213 2874 rel
1240 2817 1362 2878 obedire
1388 2818 1438 2878 rel
1465 2819 1606 2878 abnuens
1634 2820 1694 2878 ianr

367 2942 436 2982 curn
461 2920 611 2996 praelecto
636 2926 805 2979 castrorum
829 2918 1062 2995 impacatisque
1083 2917 1227 2976 detrectet
1247 2917 1346 2990 iussa,
1373 2917 1443 2978 inde
1463 2938 1530 2978 enm
1551 2920 1695 2980 vicarium

367 3023 458 3099 legati
478 3022 574 3080 luisse
595 3029 729 3096 apparet.
772 3019 849 3078 Item
869 3019 949 3078 hello
963 3017 1126 3077 Vitelliano
1148 3017 1294 3076 seditione
1315 3019 1348 3078 in
1368 3020 1477 3078 castris
1498 3029 1605 3079 exorta
1627 3039 1694 3079 cum

367 3123 483 3182 Valens
510 3121 630 3198 legatus
658 3119 761 3180 servili
789 3127 873 3178 rests
901 3117 981 3194 apud
1008 3118 1199 3178 decurionem
1228 3118 1358 3195 equitem
1388 3119 1496 3191 lateat,
1528 3121 1695 3198 praelectus

367 3233 534 3282 castrorum
557 3238 706 3278 summum
728 3227 809 3280 tenet
828 3219 985 3296 imperium
1008 3215 1051 3293 (n.
1065 3217 1128 3294 17).
1160 3218 1302 3294 Denique
1321 3219 1354 3278 in
1368 3219 1509 3297 Aegypto
1529 3221 1695 3296 praelectus

367 3331 533 3382 castrorum
554 3320 721 3395 legatorum
742 3319 843 3378 locum
865 3318 1030 3377 obtinuisse
1052 3335 1146 3395 snpra
1166 3319 1446 3378 demonstravimus.

450 3420 650 3482 Centuriones
676 3419 846 3496 militesque
866 3417 988 3478 obedire
1008 3418 1101 3476 iussis
1122 3418 1266 3493 praelecti
1287 3426 1454 3478 castrorum
1474 3419 1629 3492 debuisse,
1656 3441 1696 3481 ex

367 3522 547 3584 testimoniis
580 3537 673 3596 supra
702 3519 805 3580 relatis
837 3525 972 3589 constat;
1008 3518 1146 3577 tribunos
1178 3519 1221 3590 ei,
1254 3519 1305 3578 ubi
1336 3519 1465 3578 vicarius
1497 3519 1588 3596 legati
1620 3529 1695 3593 erat,

367 3624 505 3701 paruisse
536 3620 727 3679 manifestum
759 3628 820 3690 est;
851 3636 1067 3696 usquequaque
1098 3637 1168 3678 num
1201 3637 1307 3696 parere
1339 3637 1391 3678 eos
1423 3621 1603 3696 oportuerit,
1634 3639 1694 3680 non

366 3723 507 3784 diiudico.

450 3821 621 3884 Olticialem
642 3821 734 3880 habet
754 3820 984 3880 cornicularium
1008 3819 1051 3895 (n.
1067 3819 1117 3880 47.
1133 3817 1197 3895 ts).

448 3923 556 3984 Restat
582 3929 615 3981 ut
635 3931 803 3998 quaeratur,
829 3939 906 3998 quae
928 3921 993 3980 eius
1014 3919 1125 3980 luerint
1144 3938 1267 3980 munera
1288 3920 1455 3996 ciliciaque.
1498 3921 1545 3980 Ac
1566 3921 1693 3998 punam

365 4025 484 4102 quidem
506 4023 626 4100 vigilias
651 4033 681 4082 et
701 4023 848 4082 stationes
869 4021 1015 4098 disponit,
1041 4030 1075 4080 ut
1095 4022 1243 4080 obeantur
1264 4038 1284 4077 a
1303 4021 1527 4082 centurionibus
1548 4023 1694 4098 providet,

366 4127 455 4203 signa
479 4125 552 4185 tuba
572 4124 637 4184 dari
658 4124 754 4194 iubet,
781 4123 891 4200 quibus
913 4122 1000 4182 miles
1022 4120 1060 4179 ad
1080 4119 1166 4179 varia
1187 4121 1290 4180 munia
1311 4121 1449 4180 iacienda
1468 4123 1564 4182 cietur·
1584 4123 1628 4198 (n.
1645 4123 1693 4183 17.

366 4227 430 4302 40).
473 4225 523 4284 Ad
550 4225 732 4302 praesectum
759 4233 917 4283 matronam
941 4225 1062 4298 positio,
1089 4221 1163 4280 colli
1187 4222 1328 4296 etsossoe
1348 4225 1507 4282 aetimatio
1523 4225 1692 4300 pertinebat.

370 4325 565 4386 Tabuaurule
595 4326 640 4384 uel
670 4343 754 4384 cusae
779 4325 901 4383 miluom
926 4340 989 4382 cam
1015 4323 1219 4398 impedimentis
1245 4321 1371 4381 amulae
1396 4332 1467 4381 nuta
1491 4327 1586 4399 ipsius
1610 4341 1693 4382 curu·

443 4606 467 4668 ¹)
493 4608 624 4659 Lucienus
640 4606 690 4665 saie
708 4604 751 4658 iri
766 4607 819 4659 les.
839 4624 926 4676 eum.
941 4610 985 4671 21,
999 4609 1034 4660 30
1053 4613 1188 4674 postquam
1207 4609 1358 4674 perstrinxit
1376 4623 1429 4671 eos,
1450 4610 1494 4673 qni
1511 4608 1619 4672 poeticis
1638 4583 1693 4658 ier-

366 4698 407 4748 bis
425 4703 532 4748 utuntur
550 4699 577 4748 iu
595 4697 703 4750 historia
721 4700 870 4762 scribenda,
892 4701 952 4750 illos
971 4713 1073 4764 qnoque
1090 4681 1295 4764 vituperat,'qui
1313 4699 1446 4750 vocabulis
1465 4697 1575 4748 exilibus
1594 4703 1620 4748 et
1637 4699 1693 4748 vnl-

365 4787 469 4852 garihns
487 4802 602 4853 quaeque
621 4804 635 4839 e
654 4790 829 4842 mendicorum
848 4789 1032 4841 consuetudine
1051 4789 1144 4840 hausto
1162 4795 1236 4854 putes
1254 4804 1306 4840 non
1324 4789 1477 4851 abstineant,
1497 4789 1695 4854 exemplumque

366 4879 492 4929 eiusmodi
511 4881 636 4930 sermonis
655 4880 819 4944 improbandi
837 4881 921 4931 adfert
934 4880 1026 4930 rerba:
1046 4875 1190 4928 lsiurrshsv
1210 4869 1224 4928 ὅ
1242 4868 1466 4950 στρατοιηῒιῖρχης
1478 4877 1513 4943 τῷ
1529 4873 1612 4946 sapiu.
1643 4879 1695 4930 Ubi

366 4985 417 5034 qno
441 4971 604 5034 potissimum
622 4972 650 5020 in
668 4970 747 5020 verbo
765 4973 876 5036 positum
896 4973 931 5022 sit
949 4971 1052 5034 vulgare
1071 4971 1149 5032 illud,
1175 4971 1282 5020 multum
1301 4971 1436 5036 litigarunt
1454 4971 1503 5020 riri
1522 4970 1605 5019 docti:
1630 4967 1692 5018 mibi

364 5059 494 5111 Luciacus
512 5063 657 5127 vituperare
675 5060 790 5124 ridetur,
815 5063 885 5126 quod
908 5076 956 5126 pro
980 5049 1120 5126 στρατηγοὶ
1136 5060 1177 5109 rel
1197 5051 1371 5128 στρατηλέιης
1391 5061 1488 5112 dictum
1507 5063 1541 5111 slt
1559 5074 1693 5127 στρατοπε-

366 5137 478 5220 διῖρχηι,
503 5167 551 5215 pro
573 5140 728 5220 adreapdrup
746 5151 787 5200 rel
806 5151 909 5218 Καῖσαρ
929 5151 1080 5202 vocabulum
1099 5151 1179 5200 servis
1198 5158 1296 5203 tanturn
1317 5153 1473 5204 conveniens
1491 5139 1580 5218 aripret.
1618 5149 1694 5200 certe

366 5229 590 5312 erparcnbripxqr
608 5237 658 5294 hoc
676 5243 735 5294 loco
753 5256 805 5292 non
824 5247 863 5292 est
880 5242 1023 5307 praefectus
1042 5247 1191 5294 ceruorum.
