3812 5960
180 597 311 650 161-166
604 591 1088 654 vonisumowssnssuvu.
1461 571 1507 642 27

180 766 241 827 101
262 767 294 826 16
315 766 384 843 ipsa
403 765 503 843 pinea
545 765 710 824 Praeneste
731 763 762 822 in
784 764 874 822 vinea
893 761 984 822 Dom.
1007 759 1147 821 Oscensi.
1190 761 1300 820 Adhuc
1321 760 1442 820 ibidem.

703 931 740 974 s·
756 931 879 976 serenus
895 943 903 960 ·
918 931 937 975 c
951 929 991 972 ·s

180 1073 231 1131 Ad
251 1081 392 1149 ectypum
414 1077 570 1147 acceptum
591 1089 610 1127 6
625 1069 664 1128 D.
679 1069 848 1140 Bonannio,
869 1067 949 1144 qnod
966 1086 1021 1126 nos
1036 1085 1096 1126 non
1111 1066 1251 1138 vidimus,
1273 1065 1435 1126 Henecnus
1450 1065 1511 1124 edi·

182 1173 226 1232 dit
245 1172 329 1231 Ball.
349 1170 428 1232 1866
450 1191 480 1248 p.
499 1170 568 1229 135.
605 1169 853 1247 Trendelenburg
874 1169 947 1245 legit
968 1183 1118 1240 66616661,
1141 1167 1178 1226 de
1200 1184 1218 1226 1¹
1239 1167 1340 1226 littera
1360 1167 1510 1226 dubitans.

181 1377 266 1439 102⁹
280 1379 390 1438 litteris
405 1377 494 1438 solito
508 1376 671 1436 maioribus
684 1377 715 1435 in
730 1376 796 1435 basi
810 1375 926 1453 pineae.
951 1375 1115 1434 Praeneste
1129 1376 1159 1434 iu
1171 1375 1259 1434 vinea
1269 1373 1360 1434 Dom.
1372 1370 1511 1434 Osccoui.
1602 1377 1606 1386 '

683 1543 702 1588 C
718 1556 725 1574 ·
741 1543 902 1588 SA'l'lllCANl
917 1555 925 1572 ·
940 1543 981 1584 Κ·
997 1543 1013 1585 F

183 1684 335 1762 Ectypum
362 1683 445 1743 misit
470 1682 632 1743 Hensenus
661 1687 817 1758 acceptum
845 1699 864 1739 a
890 1677 931 1738 D.
958 1678 1117 1738 Bonsnuio
1144 1679 1296 1755 ediditque
1324 1677 1406 1738 Bell.
1432 1677 1510 1736 1666

184 1803 213 1860 p.
232 1785 301 1844 131.

223 1883 359 1959 [Titulus
385 1884 434 1944 hic
460 1885 570 1961 quique
597 1891 764 1959 sequuntur
789 1882 848 1941 soli
873 1881 937 1940 1616
962 1881 1104 1956 probant,
1132 1881 1314 1956 quicumque
1341 1877 1512 1938 Praenesti·

183 2001 289 2044 norum
316 2003 376 2044 non
397 1985 532 2060 concepti
559 1985 620 2043 sint
644 2001 716 2044 casu
742 1984 853 2059 primo,
880 1983 919 2040 ad
945 1982 1107 2041 secundnm
1135 1980 1321 2041 revocandos
1342 1997 1425 2050 esse,
1452 1997 1512 2036 non

184 2085 223 2144 sd
243 2087 378 2157 tertium
399 2104 467 2145 nam
491 2085 659 2157 mulierum,
681 2092 715 2143 61
735 2085 761 2155 1,
778 2085 835 2142 117
860 2083 959 2143 Salias·
979 2081 1018 2142 L.
1041 2081 1107 2158 Opi,
1129 2091 1190 2140 1666
1212 2082 1252 2140 ad
1273 2081 1444 2158 genetivum
1466 2099 1513 2138 ec·

184 2186 368 2245 commodari
387 2193 514 2262 possunt
535 2204 625 2262 quam
647 2185 685 2244 ed
706 2186 836 2258 tertium,
861 2185 993 2243 virorum
1014 2193 1113 2242 eutem
1134 2183 1270 2260 plerique
1291 2183 1322 2240 in
1343 2185 1355 2239 i
1375 2181 1513 2240 linientes

184 2295 245 2344 tam
271 2287 310 2344 ad
331 2287 546 2346 nominativum
571 2305 662 2362 quarn
684 2285 723 2344 ad
744 2285 924 2363 genetivum.
966 2287 1010 2342 At
1030 2303 1112 2354 cum,
1140 2291 1220 2342 certe
1246 2282 1409 2343 secundum
1430 2281 1513 2357 leges

185 2388 427 2446 nomenclaturae
448 2387 619 2458 Romame,
645 2387 817 2447 Sea-naara
839 2385 1022 2462 requiretur,
1050 2385 1098 2442 hic
1119 2384 1274 2460 genetivus
1296 2381 1514 2459 intellegendus

185 2495 239 2546 est.
283 2486 472 2564 Quamquam
496 2488 585 2547 titolo
607 2488 702 2546 fracto
723 2487 790 2564 eph.
810 2483 884 2558 129,
909 2486 941 2544 in
962 2503 1023 2560 quo
1044 2491 1092 2544 est
1113 2475 1253 2578 telenum,
1274 2493 1372 2560 potest
1394 2481 1514 2542 defendi

185 2589 328 2666 gentilicii
348 2589 476 2647 formam
497 2589 725 2648 Praenestinam
747 2585 843 2646 161666
865 2583 1073 2646 Satricanium.
1115 2585 1176 2644 Tu.
1196 2583 1251 2660 11]

186 2793 253 2856 103
275 2795 448 2856 Praeneste.

682 2893 721 2934 x·
739 2889 905 2934 6616161616
920 2903 927 2918 ·
944 2890 963 2932 x
978 2901 985 2917 ·
1001 2889 1017 2932 s

186 3031 335 3108 Ectypnm
362 3033 446 3091 misit
464 3030 638 3092 Henrenus.
660 3062 699 3073 -
725 3027 823 3102 Quam
849 3028 881 3086 in
907 3027 973 3086 basi
995 3025 1143 3102 quadrata
1164 3026 1270 3100 pineae
1292 3024 1372 3100 epud
1394 3023 1514 3083 Bonan·

187 3133 268 3191 nium
290 3133 584 3209 Trendelenburglus
610 3130 686 3189 vidit
707 3143 999 3200 ....ι1·,661·κ·1,
1025 3135 1077 3186 661
1101 3126 1176 3184 haec
1204 3133 1251 3184 est
1278 3125 1374 3184 116616
1400 3134 1453 3184 661
1479 3143 1516 3183 66

188 3251 264 3310 quae
285 3233 445 3310 praecedit.

187 3437 277 3500 101·
299 3441 330 3499 16
351 3440 448 3516 pinea.
491 3439 656 3498 Praeneste
677 3439 710 3497 in
730 3439 820 3497 vinea
840 3436 931 3496 Dom.
954 3433 1092 3498 Oecconi.

746 3543 933 3684 festinentur

822 3707 838 3748 l.
852 3719 859 3735 ·
874 3705 891 3748 Ρ

190 3847 335 3927 Dedimus
356 3849 395 3908 ad
416 3857 565 3926 ectypum.
608 3845 770 3906 Henzenus
792 3844 874 3904 Ball.
900 3843 979 3904 1866
1001 3862 1031 3920 p.
1049 3843 1108 3902 134
1129 3859 1149 3900 a
1169 3841 1209 3900 D.
1230 3841 1389 3901 Bonannio
1411 3858 1516 3917 eccep-

191 3959 250 4010 tam
271 3950 366 4010 edidit
387 3951 443 4009 sic:
466 3966 496 4007 u·
509 3963 672 4008 6611116616
685 3987 776 4005 .....

190 4157 255 4218 105
283 4158 314 4216 16
343 4157 409 4216 basi
436 4156 566 4216 rotunda
591 4155 707 4231 pineae.
751 4153 915 4212 Praeneste
935 4151 967 4210 in
987 4148 1079 4208 16616
1100 4148 1181 4207 dicto
1203 4148 1235 4207 la
1259 4145 1433 4206 Colamdellc
1454 4165 1515 4224 rep.

232 4279 270 4319 m.
294 4258 377 4336 Sept.
399 4257 533 4318 61868.
576 4255 675 4314 Hodie
696 4257 727 4312 61
742 4256 836 4330 prati.

697 4425 723 4466 nt
737 4436 745 4451 ·
761 4421 902 4465 ssvsstvs
917 4434 925 4450 ·
940 4421 979 4466 C·
996 4419 1012 4462 F

192 4567 353 4626 Henzenus
375 4565 414 4624 ad
436 4571 575 4642 ectypum
597 4563 720 4622 missum
743 4579 762 4620 6
783 4560 822 4620 D.
844 4515 1003 4652 Donenpio
1025 4557 1107 4618 Ball.
1133 4555 1211 4617 1869
1234 4576 1263 4634 p.
1281 4557 1350 4618 166.

234 4666 283 4728 Ol.
303 4667 416 4740 1,145.
434 4666 502 4724 146.

193 4873 258 4934 106
280 4874 390 4934 litteris
413 4873 504 4933 solito
525 4872 689 4931 maioribus
709 4871 742 4929 in
761 4869 827 4928 basi
848 4867 995 4944 quadrata
1015 4867 1131 4944 pineae.
1173 4866 1338 4927 Praeneste
1360 4864 1438 4942 apud
1460 4865 1519 4923 Bo·

232 4977 386 5036 nennium.

812 5067 903 5112 ssvss

195 5193 364 5274 Descripsit
384 5193 639 5272 Trendelenburg.
