3826 5962
640 653 821 707 ueneror..
845 654 1047 707 snvsnrvu.
1431 638 1504 710 233
1609 659 1616 672 ·

180 826 311 904 positum
338 834 393 884 est.
446 827 574 902 primum
606 827 696 904 igitur
730 831 874 886 restituere
905 835 935 886 et
965 829 1075 904 reficere
1109 828 1244 888 aedilicio
1279 829 1340 888 ullo
1374 829 1507 889 notionis
1608 834 1610 844 ’

181 925 352 985 discrimine
374 927 493 986 differre
514 947 576 986 non
597 927 744 1000 videntur,
769 928 800 986 id
821 930 902 1004 quod
923 931 1054 988 maxime
1080 929 1160 989 curis
1182 930 1318 1006 Capitolii
1341 933 1507 988 restituendi

181 1025 218 1085 de
233 1045 293 1102 qua
306 1027 385 1086 inira
398 1028 531 1088 dicemus
545 1048 611 1087 cum
626 1029 943 1088 triumvirumoeditue
957 1031 1113 1104 reficiendis
1132 1039 1163 1089 et
1176 1031 1402 1108 quinquevirum
1416 1033 1507 1090 merie

180 1129 361 1204 turribusque
381 1131 537 1204 reficiendis
560 1129 640 1204 (Liv.
661 1127 711 1200 25,
732 1129 764 1205 t)
781 1129 907 1188 conlatis
928 1140 1060 1206 apparet.
1095 1131 1148 1190 sed
1169 1149 1243 1190 usus
1265 1133 1327 1190 sera
1348 1139 1506 1208 utrumque

178 1228 357 1288 vocabulum
378 1230 421 1287 ita
442 1231 593 1301 discrevit,
615 1237 648 1288 ut
669 1230 720 1307 qui
740 1230 882 1289 refectum
904 1231 1072 1290 aedificium
1093 1231 1264 1291 dedicarent
1284 1252 1344 1292 non
1365 1233 1505 1292 reiecisse

178 1328 211 1388 id
233 1331 286 1388 sed
307 1331 474 1390 restituisse
495 1348 527 1388 se
549 1338 740 1403 testarentur,
761 1339 958 1390 attestentur
979 1331 1095 1391 aedium
1117 1351 1268 1392 sacrarum
1290 1333 1379 1404 tituli,
1400 1342 1506 1392 contre

178 1429 277 1506 ipsam
303 1449 424 1508 operam
449 1433 481 1490 in
507 1432 689 1491 restituendo
714 1431 892 1491 collocatam
919 1433 1071 1492 reficiendi
1092 1435 1237 1493 vocabulo
1258 1434 1410 1512 appellare
1430 1435 1504 1492 mal·

178 1529 252 1602 lent,
274 1540 307 1590 ut
327 1533 398 1590 fecit
418 1533 484 1609 ipse
499 1533 654 1608 Augustus
675 1533 706 1590 in
727 1551 825 1591 rerum
846 1541 997 1608 gestarum
1018 1533 1124 1592 indice.
1159 1535 1241 1593 nullo
1258 1535 1348 1611 igitur
1362 1543 1505 1610 quantum

177 1631 298 1708 quidem
331 1633 465 1691 noverim
497 1633 607 1696 indicio
639 1633 851 1710 comprobatur
881 1633 1031 1693 reficiendi
1063 1653 1185 1712 operam
1210 1635 1289 1694 intre
1313 1637 1503 1714 angustiores

177 1748 267 1807 quem
293 1733 468 1794 restituendi
495 1734 570 1794 fines
598 1751 666 1792 seso
691 1734 852 1794 continere.
894 1735 946 1793 sed
972 1753 1060 1810 quem
1082 1736 1119 1794 ad
1140 1736 1229 1794 finem
1250 1737 1308 1794 hoc
1327 1736 1504 1795 restituendi

178 1832 361 1892 reficiendivi
384 1851 492 1893 munus
514 1835 662 1910 pertinent
683 1845 764 1913 certo
786 1835 926 1911 exemplo
948 1833 1128 1914 Capitolium
1150 1845 1195 1895 ter
1218 1839 1385 1897 restitutum
1407 1838 1504 1908 docet,

177 1932 225 1992 bis
247 1934 290 1993 ita
311 1943 344 1994 ut
366 1937 401 1993 de
421 1936 484 1996 eolo
504 1935 694 1996 reficiendum
708 1937 805 1996 fuerit.
837 1955 906 1996 nam
928 1945 958 1994 ct
973 1935 1010 2010 Q.
1027 1935 1167 1996 Catulum
1185 1935 1324 2015 Capitolii
1337 1941 1504 1997 restituendi

176 2045 335 2094 curatorem
355 2035 453 2095 Varro
476 2044 603 2096 testetur
630 2037 724 2115 (apud
752 2035 831 2098 Geli.
854 2035 1084 2114 t‚-10)areem
1107 2038 1208 2115 templi
1230 2047 1352 2115 propter
1372 2039 1502 2098 fovisses

176 2153 239 2194 non
264 2137 400 2212 potuisse
427 2138 593 2215 deprimere
615 2144 645 2196 et
665 2138 779 2197 eisdem
804 2139 940 2214 vestigiis
961 2157 1022 2216 qua
1043 2147 1127 2198 vetus
1147 2139 1237 2198 fuerit
1263 2158 1371 2198 novam
1396 2139 1504 2198 fecisse

176 2235 345 2313 Dionysius
369 2237 412 2314 (4,
435 2239 489 2314 61)
518 2248 548 2296 ει
567 2239 722 2297 columnas
744 2239 958 2316 materiemque
979 2257 1096 2298 omnem
1118 2239 1246 2316 undique
1272 2241 1504 2317 magnificentis-

175 2339 283 2398 simam
305 2349 477 2414 asportasse
497 2339 556 2414 elii,
584 2359 710 2416 quorum
731 2341 903 2400 testimonia
923 2341 1081 2418 diligenter
1101 2340 1137 2399 L.
1160 2341 1196 2400 B.
1220 2339 1344 2418 Suphan
1371 2341 1422 2416 (de
1445 2339 1503 2401 (ia-

174 2439 281 2516 pitolio
302 2439 450 2511 Romano,
472 2437 545 2499 dies.
561 2439 701 2500 Hellensi
715 2459 743 2499 a.
762 2439 855 2518 1866)
878 2442 1055 2520 composuit.
1097 2459 1201 2500 rursus
1223 2443 1291 2516 ipse
1310 2441 1504 2500 fundamenta

174 2549 274 2602 vetere
301 2540 398 2599 torma
425 2558 485 2598 non
511 2550 625 2600 mutata
649 2543 730 2602 iacta
755 2559 823 2600 esse
849 2543 888 2600 eb
910 2543 981 2618 imp.
1003 2543 1202 2617 Vespasiano,
1229 2543 1280 2617 qui
1302 2560 1399 2600 curare
1419 2545 1516 2601 resti.

175 2643 273 2699 utendi
299 2641 435 2718 Capitolii
465 2642 496 2700 in
522 2641 559 2700 1..
582 2643 741 2702 Vestinum
774 2643 921 2713 retulerit,
954 2649 1057 2700 auctor
1083 2651 1131 2700 est
1156 2641 1280 2700 Tacitus
1307 2642 1376 2700 bist.
1400 2643 1428 2713 4,
1451 2642 1501 2701 53.

174 2723 396 2801 eodemmodo
424 2743 462 2802 ab
483 2742 660 2802 Domitiano
688 2763 758 2802 num
788 2745 946 2802 restitutum
971 2739 1145 2817 Capitolium
1170 2741 1211 2799 eit
1238 2773 1277 2785 -
1304 2761 1373 2800 nam
1394 2743 1437 2800 ita
1456 2743 1502 2802 in·

173 2843 315 2920 scriptum
342 2850 389 2903 eet
410 2845 538 2903 nummis
560 2845 625 2904 eius
648 2877 686 2888 -
709 2845 892 2920 ignoramus.
935 2842 995 2899 iem
1022 2841 1112 2900 aedes
1142 2858 1255 2914 sacras,
1281 2860 1357 2918 quae
1380 2843 1502 2918 quidem

172 2944 284 3020 templa
296 2944 414 3018 fuerint,
430 2945 473 3004 ita
486 2946 567 3004 iacta
588 2963 654 3004 esse
675 2951 802 3015 constat,
823 2950 856 3001 ιιι
876 2941 1047 3018 regionibus
1069 2944 1107 3002 ab
1124 2927 1235 3020 augure
1257 2944 1287 3002 in
1303 2943 1368 3002 solo
1383 2944 1502 3020 publico

172 3045 265 3104 finitis
286 3055 529 3106 consecrarentur
550 3065 570 3104 a
589 3045 791 3124 pontificibus,
814 3049 1003 3102 consecratae
1025 3043 1231 3102 dedicarentur
1245 3064 1264 3102 a
1277 3045 1502 3121 magistratibus

171 3145 255 3206 oisve
276 3147 327 3223 qui
348 3149 387 3206 ed
410 3149 442 3207 id
463 3147 561 3225 ipsum
582 3145 759 3204 nominatim
785 3145 877 3202 creati
903 3152 1019 3203 essent:
1047 3163 1116 3202 nam
1142 3144 1185 3202 ita
1211 3145 1372 3220 loquuntur
1396 3144 1502 3206 Livius

173 3243 280 3306 Cicero
302 3248 366 3321 elii;
388 3267 447 3325 quo
468 3249 516 3308 die
538 3255 636 3306 eutem
650 3247 804 3306 dedicatae
824 3254 927 3304 esseut
946 3263 1013 3303 eum
1033 3244 1133 3322 ipsum
1153 3251 1295 3321 tauquam
1309 3246 1440 3305 natalem
1454 3245 1502 3306 dei

171 3346 285 3408 domini
306 3349 390 3409 aedis
413 3367 484 3409 suae
504 3352 536 3408 in
557 3349 654 3408 fastos
675 3347 800 3412 relatum
822 3365 915 3424 supra
935 3344 1074 3406 vidimus.
1106 3365 1162 3405 nec
1183 3347 1209 3404 si
1231 3363 1286 3421 pro
1305 3347 1500 3420 dedicatione,

171 3467 261 3526 quam
283 3451 407 3510 Verrius
429 3450 557 3510 Flaccus
582 3457 756 3510 constanter
783 3447 956 3522 nominavit,
984 3447 1036 3505 alii
1058 3447 1150 3505 veluti
1172 3445 1281 3506 Festus
1303 3467 1332 3523 p.
1350 3446 1409 3506 257
1432 3465 1500 3508 con-

171 3551 368 3610 secrationem
391 3552 585 3624 substituunt,
616 3550 773 3628 quicquam
795 3547 833 3606 de
861 3567 893 3605 re
920 3548 988 3624 ipsa
1012 3554 1144 3607 mutatur
1169 3554 1222 3606 aut
1247 3548 1374 3626 cogitari
1400 3555 1502 3626 potest

170 3651 208 3712 de
230 3652 454 3712 consecratione
479 3653 536 3712 soli
565 3669 654 3728 quam
682 3669 702 3708 a
722 3648 948 3708 consecratione
974 3647 1105 3706 aedificii
1131 3647 1281 3708 diversam
1307 3667 1377 3708 esse
1403 3649 1501 3710 infeli·

171 3752 245 3811 citer
265 3751 454 3812 Luebbertus
485 3753 612 3811 secrevit
637 3769 672 3810 eo
699 3749 838 3827 exemplo
867 3765 942 3807 urus
969 3747 1051 3822 quod
1083 3748 1162 3805 inira
1193 3751 1396 3809 tractabimus.
1439 3769 1500 3809 non

170 3853 268 3929 tetigit
289 3853 368 3910 hauc
389 3870 452 3910 rem
473 3851 623 3911 Niseeuus
645 3851 807 3928 (Yeorplum
827 3867 856 3925 p.
875 3849 934 3908 188
957 3847 997 3924 s.)
1025 3865 1091 3905 cum
1113 3846 1189 3905 dixit
1209 3848 1359 3907 natalibus
1381 3850 1499 3908 aedium

170 3955 310 4033 regiones
335 3971 438 4012 eorum
464 3953 503 4011 ed
529 3952 604 4011 solis
632 3961 728 4011 ortum
761 3952 889 4010 directas
922 3965 990 4007 esse
1022 3947 1205 4023 deorumque
1234 3949 1351 4007 natales
1378 3951 1499 4007 vocavit

169 4055 357 4116 conditarum
383 4055 499 4114 aedium
525 4054 645 4116 natales,
663 4053 810 4112 vocabulo
837 4067 909 4108 usus
936 4049 1076 4125 ambiguo
1098 4047 1381 4124 (Greiaduapetape).
1424 4049 1498 4108 haec

168 4157 331 4216 difficultas
359 4175 418 4215 non
451 4156 538 4215 video
570 4174 630 4232 quo
663 4153 789 4214 artificio
821 4151 898 4210 solvi
930 4150 1028 4226 possit
1059 4147 1254 4225 (quamquem
1287 4149 1405 4207 solvere
1436 4167 1497 4210 non

167 4277 267 4319 meum
300 4258 359 4334 εει)
392 4257 452 4317 nisi
484 4265 651 4316 statuamus
683 4273 719 4314 eo
750 4255 817 4330 ipse
849 4252 911 4324 die,
947 4269 1007 4327 quo
1040 4249 1185 4325 templum
1216 4249 1326 4308 factum
1361 4250 1419 4308 hoo
1451 4259 1498 4310 est

167 4361 292 4434 effatum
338 4360 557 4436 liberetumqne
598 4359 636 4440 ab
673 4355 836 4432 auguribus
878 4352 1076 4429 regionesque
1120 4350 1222 4430 finitae
1261 4359 1377 4422 essent,
1426 4361 1497 4428 post

165 4481 312 4522 annorum
335 4461 519 4537 singulorum
540 4459 709 4535 pluriumve
729 4457 888 4516 decursum
910 4454 1000 4513 aedes
1020 4451 1171 4512 dedicatas
1192 4469 1269 4512 esse.
1312 4471 1348 4510 ac
1369 4455 1495 4530 sanein

165 4562 290 4622 annales
316 4563 445 4622 relatum
472 4560 641 4619 invenimus
666 4557 745 4617 inter
770 4567 870 4616 votam
898 4563 1071 4632 coeptamve
1098 4560 1150 4612 eut
1175 4555 1305 4612 locatam
1333 4554 1437 4613 eedem
1459 4573 1495 4614 ac

166 4663 333 4723 dedicatam
354 4673 429 4740 quot
449 4679 595 4721 annorum
618 4659 749 4736 spatium
769 4656 947 4728 interfuerit,
972 4655 1132 4731 atquibus
1155 4655 1258 4714 diebus
1283 4655 1346 4714 fieri
1370 4664 1494 4734 coeptae

59 4751 60 4754 ¹
166 4763 229 4824 sint
256 4763 415 4826 admodum
442 4765 520 4823 reris
546 4769 576 4820 ει
600 4760 660 4820 nisi
685 4760 757 4837 quid
778 4771 826 4817 me
846 4757 957 4834 sugerit
977 4756 1073 4815 tribus
1093 4756 1156 4814 iere
1176 4755 1323 4834 exemplis
1344 4757 1493 4833 proditum

165 4871 221 4924 est.
264 4881 342 4940 queo
369 4864 510 4940 exempla
535 4880 594 4922 uno
621 4879 673 4920 ore
701 4859 832 4919 clamant
858 4859 994 4918 diversos
1016 4874 1084 4918 esse
1105 4857 1241 4933 potuisse
1262 4857 1379 4915 natales
1402 4857 1428 4915 si
1448 4857 1493 4914 ita

164 4966 265 5025 dicere
286 4964 358 5023 licet
377 4971 530 5041 utrosque.
574 4963 702 5041 primum
728 4959 808 5019 enim
832 4979 914 5019 aram
935 4958 1026 5018 Pacis
1047 4959 1204 5037 Augustae
1226 4960 1403 5016 consalutare
1424 4973 1491 5016 esso

165 5067 214 5126 die
234 5066 294 5126 Iul.
317 5067 337 5125 4
358 5085 385 5125 a.
406 5063 475 5138 740,
508 5066 667 5124 &ditatura
698 5062 747 5121 die
778 5061 843 5120 len.
867 5059 906 5120 30
938 5079 973 5134 a.¹
990 5059 1050 5118 745
1082 5059 1154 5118 lasti
1185 5065 1341 5116 testantur.
1383 5057 1492 5118 deinde

165 5165 311 5244 Capitolii
324 5165 503 5228 restituendi
524 5183 618 5225 eausa
633 5183 704 5226 arca
723 5163 852 5224 lustrata
872 5168 919 5221 εει
938 5161 976 5220 ab
999 5161 1070 5236 imp.
1085 5158 1275 5236 Vespasiano
1297 5157 1345 5216 die
1360 5157 1426 5217 Iun.
1450 5157 1488 5217 21

165 5267 255 5344 (Tac.
277 5271 307 5329 h.
329 5271 359 5344 4,
381 5268 447 5347 53),
472 5285 542 5329 oum
568 5265 697 5328 natalem
717 5265 800 5325 Iovis
825 5263 975 5326 mansisse
1002 5261 1080 5322 diem
1110 5261 1146 5320 13
1170 5259 1252 5338 Sept.
1274 5277 1334 5318 uon
1361 5259 1491 5318 dubitari
