3858 5960
403 1666 474 1776 lle
515 1663 682 1776 titulis
724 1664 981 1778 nonnullis
1019 1665 1201 1777 Atticis
1245 1667 1308 1777 ad
1344 1699 1427 1778 res
1466 1667 1716 1779 Romanas

883 1836 1240 1971 spectantibus,

960 2133 1163 2145 *-

487 2335 513 2391 1.
554 2334 591 2392 Iu
611 2333 811 2410 Ephemeride
836 2333 1064 2410 archaeologica
1084 2336 1263 2395 Atheniensi
1290 2355 1334 2395 ur.
1352 2335 1412 2395 750
1438 2337 1615 2395 Pittakisius
1641 2336 1721 2395 huuc

401 2433 520 2492 titulum
545 2433 651 2505 edidit,
677 2435 848 2513 inscriptum
875 2434 942 2492 basi
969 2436 1125 2494 marmoris
1147 2437 1293 2512 Hymettii
1318 2437 1350 2496 iu
1376 2439 1451 2496 duas
1479 2444 1579 2514 portes
1602 2437 1728 2519 fractae,

401 2536 538 2594 iuventae
559 2535 789 2610 septentrionem
810 2552 916 2594 versus
937 2553 957 2592 a
977 2535 1179 2595 Partheuouez

807 2621 809 2626 ,
989 2632 1025 2691 ‘0
1048 2630 1135 2707 δῆμος

867 2736 982 2818 Μᾶρκον
1002 2728 1119 2792 Λικίνιον
1139 2725 1257 2818 Μάρκου

868 2830 916 2893 alala
937 2825 1069 2918 spano
1090 2827 1260 2893 ἀνθύπατον

866 2925 914 2992 καὶ
936 2927 1127 3018 αὐτοκράτορα
1147 2931 1246 3019 ἀρετῆς

868 3025 958 3092 ἕνεκεν
977 3025 1058 3114 u[a]l
1080 3029 1197 3095 εὖνοῖας.

401 3137 461 3211 Qui
483 3138 588 3197 titulus
610 3138 648 3195 ad
670 3155 758 3213 quem
779 3137 928 3194 homiuem
949 3137 1122 3195 referendus
1145 3138 1199 3209 sit,
1222 3135 1351 3195 dubitari
1372 3138 1424 3195 vix
1446 3147 1554 3214 potest.
1598 3137 1719 3197 Certum

398 3245 453 3310 est,
474 3257 541 3294 eum
562 3255 641 3294 auno
657 3238 716 3296 775
733 3257 761 3296 u.
776 3257 801 3296 c.
825 3235 878 3312 (22
893 3254 922 3311 p.
939 3235 1025 3312 Chr.)
1048 3238 1243 3314 posteriorem
1264 3256 1324 3295 uou
1346 3255 1427 3310 esse;
1449 3239 1518 3297 iude
1537 3239 1575 3296 ab
1589 3257 1625 3297 eo
1641 3257 1719 3297 auno

399 3339 477 3396 euim
502 3338 650 3394 nemiuem
675 3337 824 3413 privatum
851 3337 1044 3414 imperatoris
1066 3337 1212 3396 vocabulo
1239 3345 1377 3396 ornatum
1404 3356 1472 3396 esse
1497 3347 1624 3398 constat.
1669 3339 1719 3398 Ex

398 3439 494 3496 altera
519 3445 604 3512 parte
631 3437 781 3513 antiquior
808 3438 858 3494 vix
884 3438 975 3495 fuerit
1000 3457 1079 3495 anuo
1102 3435 1163 3495 724
1181 3455 1211 3496 u.
1230 3455 1256 3495 c.
1280 3437 1338 3512 (30
1358 3456 1385 3498 a.
1407 3437 1503 3514 obn).
1545 3439 1616 3498 Non
1642 3441 1719 3499 enim

398 3546 549 3614 comparet
574 3547 642 3595 oute
669 3557 735 3596 eum
763 3556 872 3595 anuum
898 3539 929 3596 iu
950 3537 1036 3596 fastis
1057 3521 1265 3597 consularibus
1286 3537 1327 3596 M.
1351 3537 1481 3598 Crassus
1503 3539 1542 3596 M.
1565 3539 1586 3598 f.
1630 3539 1719 3614 Quod

398 3639 512 3714 siquis
535 3637 654 3708 dixerit,
676 3656 743 3694 eum
764 3637 815 3712 qui
835 3655 890 3714 pro
913 3639 1036 3697 consule
1057 3639 1106 3711 sit,
1127 3657 1165 3697 ue
1185 3639 1297 3698 liberae
1312 3639 1432 3714 quidem
1445 3641 1630 3716 reipublicae
1644 3647 1718 3700 tem·

397 3756 470 3815 pore
490 3755 608 3813 semper
629 3738 814 3796 consularem
836 3755 914 3809 esse,
936 3738 989 3797 sed
1010 3739 1100 3797 etiam
1122 3739 1190 3797 aliis
1208 3738 1378 3797 hominibus
1392 3739 1443 3815 qui
1457 3741 1619 3815 provinciis
1633 3759 1717 3816 prae-

397 3839 471 3911 sint,
496 3838 710 3916 proconsulare
734 3838 890 3913 imperium
911 3857 1123 3914 nonuunquam
1144 3839 1235 3897 tribui
1257 3839 1597 3916 (Becker-Marqusrdt,
1624 3843 1715 3918 antiq.

396 3939 483 3998 Rom.
505 3938 565 4009 III,
587 3940 602 3996 l
625 3957 655 4014 p.
672 3937 761 4014 276),
788 3939 985 4015 reputandum
1012 3948 1073 4011 est,
1100 3947 1217 4014 praeter
1237 3939 1274 3997 P.
1296 3937 1466 4015 Scipionem
1488 3941 1661 4000 Africanum
1688 3952 1718 4000 et

397 4039 452 4100 Cn.
473 4039 647 4116 Pompeium
664 4039 816 4116 Magnum,
839 4059 966 4117 quorum
987 4057 1078 4098 causa
1097 4039 1187 4115 plane
1208 4039 1368 4114 singularis
1390 4049 1447 4111 est,
1468 4050 1548 4098 certe
1568 4042 1716 4100 nemiuem

395 4141 455 4198 nisi
475 4141 656 4217 praetorium
677 4139 885 4215 proconsulem
906 4139 1008 4197 fuisse.
1045 4139 1219 4197 Praetorem
1239 4140 1281 4213 M.
1297 4138 1440 4198 Crassum
1462 4139 1569 4200 Cicero
1590 4159 1717 4201 comme·

395 4251 494 4300 morat
513 4241 550 4298 de
571 4259 614 4298 or.
636 4239 827 4312 1,36,1ss;
857 4248 888 4297 at
907 4258 977 4298 uum
998 4240 1025 4298 is
1047 4237 1141 4297 Marci
1161 4239 1242 4297 filius
1263 4239 1354 4299 luerit
1373 4239 1461 4299 valde
1481 4240 1603 4300 dubium
1624 4239 1716 4318 est1)

472 4483 496 4546 ¹)
522 4484 572 4534 lllo
589 4484 648 4534 loco
661 4484 691 4533 L.
704 4471 812 4534 Crassus
829 4488 918 4532 orator
936 4483 1109 4534 nobilissimus
1127 4492 1215 4535 namot
1234 4499 1299 4549 quae
1312 4485 1339 4534 iu
1351 4485 1447 4535 indicio
1461 4485 1529 4550 apud
1542 4485 1580 4536 ΙΙ.
1594 4484 1715 4536 Crassum

395 4574 523 4640 quendam
540 4579 684 4638 praetorem
704 4579 760 4624 ncta
778 4574 837 4622 siut.
868 4573 1059 4624 Heuriohseuae
1078 4573 1197 4639 (eumque
1209 4581 1310 4624 secutus
1322 4574 1434 4626 Orellius
1446 4575 1541 4627 Ouum.
1554 4577 1623 4626 Tull.
1643 4593 1663 4625 s.
1679 4576 1715 4638 u.)

395 4680 452 4715 eam
471 4679 526 4713 rem
545 4663 578 4712 acl
597 4678 692 4714 anuum
710 4679 734 4714 a.
749 4663 810 4714 Chr.
825 4665 876 4714 127
897 4670 941 4714 aut
961 4665 1012 4713 126
1032 4661 1118 4726 refert,
1136 4665 1258 4729 illumque
1276 4671 1421 4730 praetorem
1440 4667 1477 4716 Μ.
1498 4666 1618 4716 Crassum
1636 4667 1668 4718 P.
1686 4666 1714 4727 t,

395 4747 535 4820 ἆγίλαστον
550 4754 711 4818 cognomine,
730 4753 857 4804 triumviri
869 4767 959 4814 avum,
980 4769 1036 4804 esre
1054 4762 1134 4818 putat.
1165 4754 1646 4817 Drumaunusvero(l1ist.Rom.IV,
1661 4755 1714 4818 70),

394 4843 514 4909 Pighium
533 4850 647 4904 secutus,
671 4857 750 4907 usqne
769 4845 804 4892 ad
822 4858 917 4893 aunam
939 4847 989 4892 107
1004 4859 1028 4894 a.
1042 4845 1104 4896 Chr.
1122 4845 1254 4896 descendit
1273 4846 1349 4896 etde
1368 4847 1422 4896 lilio
1441 4845 1552 4910 quodam
1571 4845 1641 4896 illius
1659 4837 1714 4911 ἆγε-

393 4923 491 4983 λνῖστον
510 4933 636 4983 triumviri
653 4938 744 4996 patruo
769 4931 838 4993 (uam
858 4939 930 4996 pater
949 4933 1004 4983 cius
1022 4934 1128 4984 Publius
1146 4935 1310 4998 vocabatur),
1334 4943 1468 5000 praeterea
1485 4937 1586 5000 ignoto,
1612 4937 1715 5000 cogitet.

394 5025 421 5074 Is
439 5023 517 5088 igitur
535 5029 602 5074 essct
619 5023 657 5073 M.
677 5021 786 5072 Crassus
803 5023 840 5072 Μ.
859 5023 879 5072 Ι.
898 5029 1010 5086 praetor.
1047 5025 1086 5074 At
1108 5026 1171 5074 mihi
1191 5027 1295 5090 quidem
1313 5027 1386 5089 prior
1403 5026 1532 5076 sententia
1550 5027 1631 5075 multo
1650 5025 1714 5076 veri-

394 5114 503 5164 similior
521 5114 630 5164 videtur.
667 5111 703 5162 Ut
721 5113 789 5162 euim
809 5113 925 5162 omittam
945 5127 1049 5175 causas,
1070 5127 1133 5180 ques
1150 5111 1342 5166 Haurichseuus
1360 5117 1416 5180 ipss
1433 5115 1521 5178 affert,
1542 5117 1596 5166 iura
1615 5116 1714 5180 quaeri-

394 5219 465 5266 mus,
491 5219 535 5255 cur
557 5205 588 5255 L.
608 5203 716 5255 Crassus
739 5217 793 5254 rem
817 5203 854 5253 ita
879 5209 978 5264 narret,
1003 5210 1030 5254 ut
1054 5218 1111 5255 eam
1133 5220 1257 5257 ssocero
1276 5205 1309 5268 Q.
1328 5207 1416 5258 Mucio
1435 5205 1562 5259 Scaevola
1580 5206 1641 5258 Cos.
1662 5207 1714 5256 117
