3826 5962
590 625 825 681 snuunvuss
843 627 1111 683 enumeremus.
1441 617 1511 686 159

342 803 449 872 eodem,
472 800 661 876 quaesissent
682 799 733 858 sut
759 799 794 870 Q.
809 798 940 858 Maenio
956 809 1100 874 praetere,
1124 801 1201 858 dam.
1243 800 1380 877 Apparet
1392 800 1514 862 Livium

341 901 399 962 sibi
420 917 481 958 non
502 908 651 972 constare,
676 917 744 958 eum
765 899 898 958 Miuuoio
919 899 1008 958 modo
1031 899 1216 971 ulteriorem,
1237 899 1327 959 modo
1347 901 1515 962 citeriorem

340 1000 520 1076 Hispaniam
547 999 711 1070 adscribam
738 1017 795 1059 nos
821 999 900 1058 hane
919 999 1105 1076 provinciam
1129 1000 1334 1077 praetulimus.
1379 1001 1514 1062 Tabulae

341 1099 529 1178 Capitolinae
550 1099 748 1177 fragmentum
763 1099 860 1158 XVII
881 1119 948 1159 cum
969 1099 1054 1159 finiat
1073 1100 1105 1158 iu
1126 1100 1276 1176 triumpho
1290 1099 1404 1175 Helvii,
1425 1121 1514 1180 quem

340 1201 447 1261 Livius
482 1201 525 1260 ait
560 1200 677 1260 dnobus
710 1200 863 1260 mensibus
893 1200 1096 1277 praecessisse
1127 1200 1344 1273 Minucianum,
1380 1203 1437 1262 hoo
1468 1203 1514 1263 illi

343 1303 459 1361 videtur
486 1301 627 1360 continuo
653 1301 841 1360 subiuuetum
866 1300 971 1360 luisse.
1013 1301 1050 1359 In
1076 1301 1181 1361 tabula
1202 1299 1395 1361 Tolentiuate
1422 1302 1514 1362 vol.1

342 1421 372 1479 p.
388 1401 448 1461 476
471 1421 510 1461 ex
530 1402 635 1461 eodem
656 1401 807 1479 triumpho
829 1411 992 1479 supersunt
1012 1402 1100 1461 haene
1118 1384 1194 1502 leuva
1206 1429 1213 1445 ·
1225 1417 1367 1460 uusuuvs
1379 1431 1386 1446 ·
1398 1363 1421 1488 ei

246 1503 307 1563 560
343 1503 380 1563 de
402 1501 527 1563 Catonis
554 1502 705 1578 triumpho
732 1502 770 1562 el.
797 1500 864 1562 niv.
887 1501 943 1574 33,
962 1502 1000 1562 43
1028 1509 1060 1560 et
1080 1501 1135 1574 34,
1155 1501 1195 1560 46
1224 1510 1254 1560 et
1278 1501 1382 1561 tabula
1402 1502 1515 1562 Tolen-

344 1604 506 1663 muto

248 1705 308 1764 560
344 1704 381 1764 de
402 1703 552 1781 triumpho
573 1701 737 1762 Flaminini
759 1702 797 1762 ef.
818 1700 888 1760 Liv.
909 1702 960 1774 34,
975 1701 1030 1762 532
1058 1701 1181 1762 induem
1202 1701 1386 1776 tsiemplonit
1406 1708 1463 1762 oet.
1485 1709 1515 1762 et

343 1805 424 1864 Plut
441 1803 503 1863 Tit.
520 1803 559 1862 14
580 1809 611 1862 et
631 1801 735 1862 tabule
749 1802 941 1874 Tolentinum
962 1801 1078 1861 restitui
1099 1800 1241 1860 adhibitis
1262 1801 1337 1860 setis
1359 1819 1386 1860 a
1402 1801 1473 1861 587.

248 1907 308 1966 563
343 1906 380 1966 ol.
402 1904 469 1964 Liv.
486 1903 536 1976 36,
546 1903 605 1962 ’31ι
627 1904 814 1980 pereundam
834 1904 893 1962 diss
916 1913 941 1962 et
961 1902 1005 1960 Μ.
1027 1901 1149 1962 Fulvius
1170 1901 1314 1973 Nobilior,
1336 1904 1386 1977 qui
1406 1903 1515 1962 biennio

344 2015 409 2067 onte
425 2013 545 2081 praetor
564 2009 596 2063 io
616 2005 794 2080 Hispaniam
814 2012 876 2062 erat
892 2005 1054 2081 projeetus,
1082 2020 1169 2062 oenoe
1190 2001 1287 2060 artem
1308 2011 1350 2061 est
1368 2004 1514 2078 inpressos

344 2117 400 2168 oet.
422 2115 452 2166 ot
472 2106 569 2165 denuo
592 2105 641 2178 36,
663 2104 715 2164 39:
742 2122 794 2180 per
814 2105 924 2163 eosdm
944 2103 1005 2163 clleo
1025 2101 1070 2161 Μ.
1094 2102 1216 2161 Melas
1237 2099 1372 2160 Nobilior
1392 2119 1425 2159 en
1445 2101 1514 2162 aits-

345 2212 420 2268 riora
439 2207 591 2284 Hispania
617 2223 705 2264 ovano
730 2203 827 2263 urbem
852 2213 894 2263 est
919 2207 1074 2279 inpressas.
1118 2201 1192 2262 Dies
1218 2219 1297 2262 nune
1321 2201 1450 2280 primum
1471 2201 1514 2260 in·

346 2307 481 2369 noteseit

253 2411 311 2471 563
348 2410 385 2470 de
399 2402 540 2470 Cornelio
562 2407 599 2466 el.
615 2404 682 2466 Liv.
697 2404 748 2478 36,
763 2403 817 2466 40:
839 2403 873 2464 P.
893 2401 1042 2464 Cornelius
1064 2403 1162 2464 consul
1182 2402 1367 2480 triumphauit
1380 2402 1415 2462 de
1428 2401 1515 2474 Bois3

346 2510 382 2570 ef.
406 2509 455 2582 36,
471 2509 519 2568 39.

1260 2635 1309 2696 W.
1331 2633 1473 2696 Heuzuu.
