3812 5960
354 619 401 692 63
926 624 1109 679 normann

352 721 1683 749 ....-.....--—-——---——--———---—-

353 807 520 870 doctissimi
542 815 572 864 et
593 802 772 863 sanctissimi
794 819 903 859 nomen
924 800 984 856 iam
1006 797 1085 873 apud
1108 803 1229 854 nostrae
1249 795 1321 852 artis
1336 795 1472 853 homines
1488 796 1595 853 merito
1607 793 1684 852 insa·

352 919 465 969 matum
486 917 548 978 est3
569 906 765 978 similiterque
787 913 855 960 ante
877 901 933 958 bos
953 899 1058 974 viginti
1080 916 1175 955 annos
1196 898 1229 954 in
1250 897 1325 955 actis
1346 897 1498 954 societatis
1514 893 1685 955 Saxonicae

353 1009 519 1069 minoribus
540 1026 567 1066 a.
593 1005 673 1064 1850
695 1023 724 1079 p.
748 1002 808 1061 294
834 1003 936 1061 monui
958 1001 1045 1059 citari
1067 998 1147 1075 apud
1170 997 1331 1057 Gruterum
1353 1005 1497 1073 excerpta
1517 1016 1557 1055 ex
1579 997 1684 1054 codice

352 1111 455 1185 aliquo
481 1107 642 1168 cardinalis
668 1103 833 1180 carpensis
859 1103 938 1160 iacta
964 1119 983 1157 a
1005 1099 1126 1157 Metello
1152 1099 1271 1156 bomine
1297 1099 1369 1156 item
1398 1098 1627 1156 accuratissimo
1654 1103 1685 1153 et

352 1209 581 1286 religiosissimo
607 1206 735 1264 formata
756 1204 809 1262 illa
829 1221 868 1260 ex
892 1201 1084 1260 Iucundianis
1106 1207 1251 1276 perpetua
1273 1199 1420 1274 foedaque
1444 1197 1684 1273 interpolatione.

353 1309 516 1388 Coepimus
545 1309 637 1384 igitur
671 1305 805 1364 diffidere
831 1303 1022 1378 aliquatenus
1050 1299 1242 1358 Gruterianis
1268 1300 1325 1370 bis,
1358 1301 1422 1358 sire
1448 1298 1611 1358 Ursiniana
1640 1297 1684 1354 di·

352 1419 459 1470 cuntur
481 1411 544 1469 siva
559 1407 732 1466 Metelliaua
754 1406 818 1464 sive
834 1402 1090 1471 Gutensteniana3
1112 1401 1166 1458 sed
1187 1419 1253 1458 cum
1275 1401 1342 1477 ipsa
1361 1400 1529 1458 interierint
1549 1401 1633 1474 (nam
1653 1399 1684 1456 in

352 1513 457 1590 paucis
478 1510 657 1569 schedarum
672 1505 919 1565 Gruterianarum
941 1503 1076 1578 reliquiis
1091 1520 1168 1578 quae
1184 1509 1345 1576 supersunt
1360 1501 1390 1558 in
1405 1501 1587 1560 bibliotheca
1600 1498 1684 1578 Lug-

352 1611 480 1672 dunensi
502 1607 757 1669 Gutensteuianae
780 1607 881 1664 nullae
902 1601 1099 1680 comparent),
1120 1603 1265 1680 perierint
1289 1604 1360 1660 item
1382 1621 1447 1660 cum
1471 1621 1587 1660 summo
1610 1602 1684 1658 artis

351 1723 472 1772 nostrae
494 1711 602 1768 damno
618 1707 781 1767 Ursiniana
801 1706 863 1764 iere
886 1707 1035 1774 universa,
1057 1703 1232 1762 Metelliana
1253 1703 1381 1779 denique
1400 1703 1535 1778 pleniora
1549 1720 1616 1761 esse
1631 1720 1684 1778 po·

353 1813 464 1872 tuerint
488 1819 557 1869 ante
579 1811 637 1868 tria
657 1809 778 1868 saecula
799 1807 881 1883 apud
897 1805 1055 1864 Vallaeum
1080 1822 1170 1880 quam
1192 1821 1272 1860 nuno
1293 1812 1362 1862 sunt
1384 1805 1413 1862 in
1429 1802 1578 1862 Vaticana
1604 1802 1684 1879 (cod.

353 1913 445 1971 6034.
468 1909 682 1970 6037-6040.
707 1909 818 1982 8495),
844 1915 914 1984 post
935 1906 1094 1964 iudicatam
1117 1905 1154 1962 de
1175 1904 1281 1963 fraude
1302 1905 1509 1980 quaestionem
1532 1904 1627 1962 altera
1648 1904 1685 1961 de

351 2013 467 2071 fraudis
494 2021 615 2069 auctore
641 2008 785 2068 remansit
811 2009 868 2066 sub
894 2007 1001 2065 iudice.
1043 2007 1109 2063 Iam
1135 2023 1207 2063 vero
1234 2024 1324 2083 opere
1352 2006 1529 2082 procedente
1551 2005 1684 2080 intellegi

352 2123 490 2190 coeptum
515 2120 562 2168 est
582 2111 681 2185 ipsum
705 2107 936 2168 Gutenstenium
959 2117 1019 2165 tam
1042 2107 1072 2164 in
1095 2107 1191 2164 titulis
1212 2124 1302 2181 quam
1324 2107 1355 2165 in
1377 2107 1495 2165 schedis
1515 2107 1684 2164 describen-

351 2215 398 2272 dis
420 2214 500 2271 mala
520 2211 626 2270 fraude
648 2230 707 2269 non
729 2229 798 2268 raro
821 2227 908 2267 usum
930 2226 1006 2277 esse,
1027 2208 1059 2266 id
1081 2215 1128 2264 est
1147 2207 1207 2264 alia
1222 2207 1341 2282 quidem
1356 2207 1483 2266 fideliter
1497 2227 1566 2266 eum
1588 2208 1630 2265 ita
1652 2214 1684 2264 ut

351 2321 506 2389 acceperat
519 2311 682 2382 rettulisse,
704 2311 765 2368 alia
778 2328 849 2368 vero
871 2327 968 2384 neque
983 2327 1020 2366 ea
1034 2327 1130 2384 pauca
1145 2319 1196 2366 aut
1213 2309 1412 2384 interpolasse
1427 2316 1478 2368 aut
1492 2309 1684 2366 confinxisse.

353 2414 387 2471 ld
415 2415 457 2472 ita
485 2431 553 2471 esse
580 2413 639 2470 iam
669 2410 888 2478 demonstrabo,
923 2409 977 2467 sed
1007 2409 1152 2480 breviter;
1184 2427 1282 2484 neque
1310 2411 1389 2467 enim
1421 2410 1619 2486 postulamus,
1652 2417 1685 2468 ut

352 2515 451 2571 taedia
483 2531 560 2588 quae
593 2529 647 2570 nos
681 2512 891 2570 devoravimus
924 2511 1025 2566 omnia
1056 2510 1107 2584 qui
1140 2510 1214 2567 bace
1245 2510 1349 2585 legunt
1378 2509 1450 2568 item
1481 2512 1686 2587 perpetiantur

353 2633 448 2690 neque
471 2615 568 2672 iustae
590 2614 621 2670 in
645 2612 697 2668 tali
719 2612 895 2687 quaestione
918 2609 1121 2666 studiosorum
1143 2611 1346 2686 impatientiae
1369 2611 1588 2669 obliviscemur.

438 2717 464 2772 1.
509 2712 714 2785 Urbanarum‚
741 2729 816 2788 quas
844 2709 992 2770 Gruterus
1020 2711 1062 2767 ait
1084 2711 1165 2768 visas
1193 2729 1264 2769 esse
1285 2708 1498 2783 Guteustenio,
1525 2712 1685 2788 pleraeque

351 2816 500 2892 genuinae
532 2819 602 2872 sunt
630 2824 660 2872 et
688 2821 767 2870 recte
795 2815 824 2870 e't
853 2813 945 2886 probe
973 2811 1157 2886 descriptae,
1190 2812 1320 2870 maxime
1348 2822 1486 2871 servatae
1511 2821 1574 2871 tum
1605 2813 1684 2888 apud

354 2915 547 2974 Gutenstenii
574 2922 732 2990 patronum
753 2912 913 2970 Horatium
935 2909 1109 2982 Vallaeunr,
1133 2918 1166 2968 ut
1188 2909 1275 2970 Grut.
1301 2912 1390 2984 1083,
1413 2912 1431 2972 8
1455 2913 1506 2988 (=
1530 2911 1585 2983 VI,
1609 2912 1683 2987 851)

352 3015 391 3073 L.
409 3015 524 3074 Valerio
545 3014 643 3073 Voleso
658 3023 724 3085 cet,
748 3033 842 3090 nuper
860 3011 1011 3070 custodita
1025 3013 1105 3087 apud
1121 3011 1225 3082 Feam,
1247 3021 1277 3069 et
1292 3010 1379 3071 Grut.
1399 3013 1487 3085 1013,
1506 3014 1543 3072 10
1559 3014 1611 3090 (=
1628 3012 1684 3086 VI,

355 3116 428 3190 170)
449 3119 559 3175 numini
572 3115 671 3172 Fortia
692 3115 817 3172 Fortuna
838 3123 903 3186 cet,
925 3122 1066 3188 prostans
1088 3112 1178 3170 hodie
1200 3113 1230 3170 in
1254 3131 1357 3172 museo
1373 3113 1590 3191 Neapolitan03
1612 3116 1683 3174 item

353 3235 431 3292 quae
457 3224 518 3272 tum
546 3215 603 3272 fuit
628 3215 659 3272 io
687 3215 815 3272 ecclesia
841 3211 873 3271 S.
899 3213 1012 3270 Mariae
1042 3213 1080 3270 ad
1107 3214 1199 3270 Aram
1226 3213 1314 3284 caeli,
1347 3233 1425 3273 nunc
1452 3223 1499 3274 est
1524 3216 1555 3273 in
1582 3235 1683 3275 museo

354 3314 525 3390 Capitolino
547 3332 601 3370 ara
616 3315 693 3370 Isidi
714 3331 799 3372 sacra
815 3311 902 3372 Grut.
919 3313 969 3383 83,
988 3313 1025 3370 10
1042 3313 1094 3387 (=
1107 3313 1160 3382 VI,
1176 3313 1261 3388 351).
1299 3312 1358 3373 Sed
1380 3324 1441 3373 tres
1462 3334 1539 3391 quae
1554 3335 1685 3394 sequun-

353 3427 403 3474 tur
424 3416 494 3472 item
517 3433 535 3471 a
557 3411 756 3472 Gutenstenio
778 3415 829 3490 qni
851 3412 958 3471 viderit
982 3413 1093 3471 relatae
1115 3433 1210 3489 neque
1233 3416 1270 3472 ab
1292 3415 1353 3473 alio
1375 3433 1522 3492 quoquam
1546 3419 1592 3476 vel
1616 3427 1684 3476 aute

352 3517 436 3574 visae
458 3515 505 3572 vel
526 3525 633 3590 postea
654 3515 814 3572 difficulter
834 3523 993 3590 patronum
1015 3515 1238 3586 nanciscentur3
1267 3523 1336 3573 suut
1358 3527 1457 3576 autem
1479 3517 1546 3576 hae.

462 3660 561 3711 Romae
595 3659 662 3708 basis
696 3659 762 3709 inter
794 3659 847 3710 alia
875 3675 1003 3711 marmora
1031 3676 1096 3726 quae
1128 3661 1161 3712 ad
1188 3661 1312 3711 fabricam
1340 3663 1375 3712 D.
1403 3663 1474 3714 Petri
1503 3665 1530 3714 in
1556 3666 1684 3716 Vaticano

463 3757 589 3800 secantur.

507 3843 572 3906 Imp.
598 3839 673 3891 Caes.
698 3841 728 3891 L.
753 3842 879 3906 Septimio
904 3841 1000 3894 Severo
1024 3839 1029 3905 Ι
1054 3843 1103 3892 Ρίο
1123 3843 1253 3894 Pertinaci
1279 3851 1350 3907 pont.
1375 3859 1446 3895 max.
1465 3845 1525 3896 trib.
1544 3855 1597 3911 pot.
1617 3849 1683 3898 Vlll

507 3933 631 3997 lmp.1X
654 3948 706 3982 cos.
726 3934 768 3983 111
789 3930 794 3995 Ι
818 3949 844 3997 p.
865 3949 904 3997 p.;
924 3934 986 3998 imp.
1008 3933 1082 3984 Caes.
1102 3935 1139 3984 Μ.
1160 3935 1269 3984 Aurelio
1288 3936 1423 3985 Antonino
1450 3935 1455 4002 Ι
1478 3937 1535 3987 trib.
1555 3945 1608 4002 pot.
1628 3939 1684 3988 llll

510 4039 561 4074 cos.
582 4025 609 4074 11
628 4024 739 4088 principi
761 4019 765 4087 Ι
789 4025 832 4088 pio
851 4025 922 4074 felici
941 4060 949 4074 .
969 4059 976 4073 .
997 4061 1003 4074 .
1024 4061 1031 4074 .
1051 4033 1096 4074 nat
1098 4059 1213 4074 .....
1231 4022 1235 4089 Ι
1258 4025 1339 4074 Iuliae
1358 4027 1427 4090 Aug.
1451 4029 1527 4078 matri
1546 4030 1615 4092 Aug.
1633 4027 1637 4093 Ι
1658 4037 1684 4078 et

507 4121 613 4164 castror.
634 4122 659 4164 et
674 4111 677 4176 Ι
695 4121 798 4164 senatus
815 4113 819 4179 Ι
836 4115 971 4178 collegium
992 4129 1080 4180 augur.
1099 4113 1103 4179 Ι
1118 4131 1144 4180 p.
1164 4131 1189 4179 p.

463 4204 538 4256 Grut.
561 4206 622 4266 264,
643 4204 668 4255 5.
705 4196 825 4256 ‘Grutero
845 4205 964 4256 Gutenst.
983 4207 1028 4270 qui
1046 4197 1128 4255 vidit'

465 4399 564 4450 Romae
583 4401 650 4450 inter
669 4415 806 4464 marmora,
826 4416 891 4466 quae
911 4409 1031 4465 aptantur
1048 4401 1162 4452 lubricae
1180 4403 1215 4453 D.
1234 4403 1305 4453 Petri
1324 4403 1352 4452 in
1370 4404 1506 4454 Vaticano.

508 4489 598 4538 DDD.
621 4506 683 4540 nnn.
708 4488 712 4556 Ι
739 4493 923 4542 Valentiniano
949 4490 954 4558 Ι
976 4492 1081 4542 Valenti
1104 4501 1130 4542 et
1154 4489 1158 4556 Ι
1185 4493 1311 4544 Gratiano
1335 4495 1440 4558 Auggg.
1467 4493 1471 4559 Ι
1496 4495 1546 4558 piis
1568 4494 1685 4545 felicibus

509 4591 539 4626 ac
556 4577 560 4642 Ι
576 4593 677 4644 semper
690 4583 843 4632 triumfator.
859 4581 864 4646 Ι
880 4584 981 4648 signum
994 4583 1099 4632 Herculi
1118 4583 1175 4632 vict.
1193 4579 1197 4646 Ι
1215 4583 1248 4633 ob
1266 4600 1330 4648 prov
1331 4619 1447 4634 .....
1466 4583 1471 4648 Ι
1486 4593 1541 4635 rect
1541 4621 1656 4634 .....
1678 4580 1684 4652 Ι

508 4667 1087 4737 ampli...,lvotile....isXX

465 4755 539 4807 Grut.
561 4761 640 4821 1013,
662 4763 687 4812 b.
722 4753 844 4814 ‘Grutero
863 4763 1046 4814 Gutenstenius
1065 4764 1108 4828 qui
1127 4758 1208 4813 vidit'.

464 4949 562 5003 itomm
585 4953 651 5004 inter
676 4956 774 5022 lapides
798 4959 843 5022 qui
866 4959 894 5008 in
917 4973 991 5010 usum
1014 4957 1129 5009 fabricae
1152 4957 1187 5009 D.
1212 4959 1283 5010 Petri
1305 4967 1425 5011 secantur
1449 4961 1518 5011 basis
1541 4975 1685 5012 marmorea

464 5041 554 5092 fracta.

507 5131 660 5198 Felicitati!
683 5135 774 5186 domus
793 5139 902 5201 August.
925 5135 929 5202 Ι
952 5173 1068 5189 .....
1091 5135 1096 5206 Ι
1118 5137 1262 5189 officiorum
1282 5155 1297 5191 o
1318 5177 1323 5191 .
1345 5177 1351 5190 .
1373 5179 1379 5192 .
1400 5126 1429 5206 .Ἰ
1453 5141 1484 5193 Τ.
1505 5141 1595 5192 Aelius
1614 5143 1683 5205 Aug.

507 5221 1272 5294 l....t'1'.1ulturaag.1....t...as....
