3858 5960
440 670 512 740 114
961 672 1243 734 utuuaunsncmt

436 859 516 929 eiua,
544 858 596 932 qui
622 864 706 915 tanta
732 855 813 932 apud
840 854 1004 930 principem
1029 854 1125 930 gratia
1145 853 1292 926 floruerit,
1321 861 1353 912 ut
1374 854 1402 912 ei
1423 854 1612 930 praefectura
1632 859 1765 934 Aegypti

435 959 636 1018 mandaretur.
678 955 780 1016 Unum
805 955 875 1014 addi
896 962 1011 1031 potestz
1041 953 1119 1014 Cum
1140 953 1265 1012 Tacitus
1287 953 1355 1012 loco
1377 972 1470 1031 supra
1490 956 1582 1015 allato
1604 955 1764 1017 Octavium

435 1061 617 1121 Frontonem
643 1059 790 1129 nominet,
819 1057 871 1132 qui
893 1075 920 1114 a.
939 1056 976 1115 16
992 1073 1019 1113 a.
1036 1053 1107 1114 (lbr.
1130 1056 1299 1130 praetorius
1321 1055 1424 1129 fuerit,
1452 1075 1581 1134 cumque
1602 1058 1764 1117 viderimus

435 1162 539 1222 eodem
561 1161 623 1220 tere
645 1169 777 1236 tempore
798 1158 835 1216 P.
856 1156 1014 1216 Octavium
1035 1154 1377 1232 proconsulemOretae
1398 1166 1429 1216 ct
1450 1155 1636 1236 Cyrenarum
1658 1159 1764 1230 luisse,

434 1282 522 1339 quem
543 1261 790 1339 proconsulatum
811 1259 1028 1335 praetoriorum
1049 1241 1142 1316 fuisse
1163 1257 1354 1317 notissimum
1376 1264 1433 1330 ast,
1454 1260 1549 1336 possit
1571 1259 1679 1336 aliquis
1694 1278 1762 1318 cou-

433 1364 539 1436 iIcere,
564 1369 722 1438 utrumque
743 1363 869 1422 eundem
891 1379 968 1423 esse.
1013 1359 1103 1434 Quod
1129 1379 1166 1418 ne
1192 1366 1308 1436 putem,
1334 1377 1500 1438 cognomen
1525 1359 1641 1420 suadet.
1682 1359 1763 1420 Nam

433 1463 466 1522 id
492 1482 587 1540 neque
613 1463 644 1522 iu
672 1463 757 1522 titulo
780 1461 949 1540 Cyrenaico
977 1480 1073 1537 neque
1098 1459 1130 1518 in
1155 1460 1260 1518 Attico
1286 1460 1419 1531 additur3
1449 1469 1553 1519 contm
1578 1461 1668 1520 huius
1690 1469 1763 1520 tem·

434 1565 517 1640 poris
542 1583 671 1636 morem,
698 1564 725 1622 si
753 1563 780 1623 is
802 1564 839 1624 P.
867 1564 1011 1626 Octavius
1037 1561 1159 1622 omnino
1183 1578 1349 1638 cognomen
1369 1561 1532 1620 habuisset.
1578 1561 1627 1622 Ne
1647 1563 1678 1620 id
1697 1563 1762 1637 qui·

434 1667 503 1723 dem
528 1663 742 1742 neglegendum
769 1671 831 1736 eat,
858 1666 938 1741 qnod
964 1665 1088 1724 Tacitus
1113 1662 1197 1720 illum
1226 1660 1384 1721 Octavium
1412 1662 1596 1721 Frontonem
1624 1671 1762 1740 questum

333 1781 337 1788 ·
435 1784 501 1824 esse
530 1772 633 1823 nnmat
658 1765 690 1822 in
716 1772 822 1824 senatu
848 1767 885 1825 de
910 1766 1031 1824 luxuria
1056 1763 1175 1823 civium.
1220 1759 1309 1836 Quod
1335 1781 1394 1821 non
1417 1762 1533 1822 videtur
1558 1764 1706 1840 quadrare
1731 1766 1763 1822 iu

433 1867 595 1937 hominem,
618 1866 702 1924 cuius
724 1875 777 1923 aut
797 1868 892 1942 pater,
914 1874 947 1925 ut
967 1883 1024 1942 ego
1046 1883 1137 1940 supra
1159 1864 1321 1941 disputavi,
1343 1873 1395 1922 aut
1416 1865 1505 1923 etiam
1521 1865 1595 1940 ipse,
1618 1874 1651 1924 ut
1665 1863 1761 1924 Cave·

432 1966 540 2025 danius
559 1967 631 2038 vult,
654 1975 775 2043 propter
796 1968 945 2044 ingentem
967 1967 1121 2024 luxuriam
1143 1965 1173 2023 in
1196 1965 1329 2024 omniurn
1350 1984 1403 2023 cre
1424 1973 1498 2024 erat.
1535 1963 1637 2039 Quare
1650 1965 1686 2024 P.
1703 1965 1762 2025 Oc·

433 2068 547 2126 tarium
568 2068 778 2143 proconsulem
800 2069 838 2126 ab
861 2067 988 2128 Octavio
1011 2068 1162 2126 antone
1184 2067 1336 2142 praetorio
1358 2065 1509 2125 diversum
1530 2085 1597 2125 esse
1617 2075 1700 2142 puto.

517 2169 546 2227 5.
588 2167 637 2225 Ex
663 2169 854 2244 paucissimis
875 2169 935 2226 illis
958 2168 1123 2244 plebiscitis
1145 2166 1254 2225 AttIcia
1279 2185 1356 2242 quae
1377 2167 1589 2243 imperatarum
1610 2167 1762 2227 Romano·

432 2287 498 2326 rum
529 2275 625 2326 aetate
652 2270 820 2346 composita
844 2270 941 2328 adhuc
967 2275 1102 2340 exeunt,
1130 2285 1221 2326 unum
1247 2266 1408 2324 admodum
1435 2268 1573 2326 mutilum
1600 2287 1667 2327 oum
1693 2270 1762 2329 aliis

433 2369 470 2426 de
499 2369 599 2427 causis
630 2377 690 2427 tum
721 2379 843 2447 propter
871 2369 1074 2428 difficultatem
1102 2368 1245 2445 temporis
1272 2377 1354 2426 recte
1382 2367 1541 2428 definiendi
1570 2371 1762 2430 memorabile

432 2479 491 2541 est;
514 2469 595 2546 quod
616 2470 711 2528 edidit
728 2471 908 2530 PittalrieIus
929 2469 1095 2529 l‘ancienue
1120 2469 1256 2528 Athdnes
1278 2487 1307 2544 p.
1323 2469 1394 2540 493,
1416 2471 1638 2529 accuratissime
1660 2479 1760 2531 autem

432 2571 572 2628 tractavit
599 2568 634 2629 C.
656 2569 727 2629 Keil
755 2572 787 2630 ln
810 2571 1084 2632 Museo'llhenano
1109 2569 1169 2628 vol.
1184 2569 1292 2627 XVIII
1313 2589 1343 2646 p.
1360 2569 1472 2646 blsqq.
1516 2571 1617 2647 Atque
1642 2572 1669 2630 Is
1695 2575 1762 2650 qui-

431 2670 500 2728 dem
526 2675 582 2745 pro
608 2679 690 2728 certo
716 2674 815 2748 ponit,
843 2673 881 2730 ad
903 2673 1031 2748 Aupaati
1055 2671 1254 2748 principatum
1280 2671 1444 2746 pertinere,
1473 2689 1597 2748 eamque
1623 2692 1701 2745 rem,
1727 2683 1762 2731 ut

432 2771 519 2842 solet,
534 2789 651 2830 summa
664 2770 820 2848 diligentia
833 2781 923 2850 atque
938 2773 1074 2833 doctrina
1087 2773 1214 2848 probare
1229 2777 1362 2828 conatur.
1397 2769 1612 2848 contraquam
1627 2773 1664 2832 R„
1679 2773 1760 2834 Neu·

431 2872 524 2930 bauer
548 2872 580 2930 in
606 2875 834 2948 quaestionibus
861 2874 1060 2952 epigrapbicis
1082 2892 1112 2950 p.
1131 2873 1188 2931 147
1210 2872 1252 2930 ita
1278 2871 1454 2948 disputavit,
1483 2872 1619 2932 utillum
1641 2875 1760 2934 titulum

431 2971 556 3030 Neronia
578 2975 706 3052 tempori
726 2975 884 3047 adscribat,
905 2975 1068 3052 etquidem
1090 2975 1176 3033 annis
1192 2971 1315 3032 atu-64
1330 2981 1382 3044 aut
1397 2971 1528 3032 66-68.
1565 2971 1662 3047 Quam
1677 2975 1761 3034 litem

432 3073 571 3131 dirimere
598 3075 718 3133 conanti
744 3077 873 3152 primum
901 3077 997 3154 ipsius
1026 3076 1106 3134 tituli
1132 3076 1237 3159 uerba,
1259 3083 1293 3132 ut
1317 3073 1451 3144 Keilius,
1480 3073 1615 3133 adhibito
1642 3083 1761 3152 praeter

431 3173 666 3234 Pittakisianum
689 3177 846 3254 exemplar
865 3179 955 3236 etiam
978 3176 1171 3254 Mustoxydis
1192 3175 1383 3253 apographo,
1405 3194 1442 3234 ea
1460 3175 1627 3250 constituit,
1649 3176 1762 3236 adscri-

431 3273 530 3330 benda
552 3284 635 3349 puto:

711 3379 1449 3437 ΑΓΑΘΗΙΤΥΧΗΙΤΟΥΣΕΒΑΣΤΟΥΚΑΙΣΑΡΟΣΚ
1462 3419 1469 3433 .
1484 3418 1492 3434 .

711 3477 1445 3536 ΛΛΚΩΝΟΣΑΡΧΟΝΤΟἱΚΑΙΙΕΡΕΩΣΔΡΟΥΣΟ
1461 3520 1468 3535 .
1483 3522 1491 3536 .

712 3583 1373 3638 ΕΚΚΛΗΣΙΑΕΠΙΤΗΣΕΝΑΤΗΣΠΡΥΤΑΝΕΙ
1388 3620 1396 3638 .
1410 3621 1438 3637 ..

712 3683 1392 3738 scemmenstete!:enfitotaottoznt’x

655 3799 666 3836 c
710 3782 1369 3840 ΑΡΕΙΟΥΓΙΑΓΟΥΒΟΥΛΗΣΚΑΙΤΗΣΒΟΥ

752 3884 1376 3966 ΝΙΚΑΝΟΡΑΝΕΟΝΟΜΗΡΟΝΚΑΙΝΕΟΝ

752 3985 1290 4042 ΚΑΙΑΓΩΝΟΘΕΤΗΝΣΕΒΑΣΤΩΝΑ

752 4087 1315 4141 ΚΕΧΕΙΡΟΤΟΝΗΜΕΝΟΝΕΝΤΟΝΕ

751 4188 1059 4242 ΣΙΝΗΝΕΣὙΕΝΤΙΟ

638 4306 663 4344 ιο
753 4289 935 4343 ΝΙΚΑΝΩΡΑ

429 4422 554 4480 Maximi
584 4426 726 4482 momenti
753 4443 790 4481 ca
815 4432 898 4496 sunt,
927 4440 1004 4500 quae
1030 4423 1126 4498 primo
1144 4440 1238 4502 uersu
1264 4424 1376 4501 scripta
1400 4424 1527 4502 legimus
1548 4417 1656 4502 ἀγαθῇ
1677 4414 1759 4503 τύχῃ

429 4523 480 4577 τοῦ
506 4513 667 4586 Σεβαστοῦ
692 4515 883 4605 ΚαίσαροςΚ
896 4564 982 4589 .....
1010 4541 1088 4600 quae
1114 4523 1314 4585 Neubauerus
1343 4527 1478 4606 suppleri
1506 4527 1571 4584 vult
1594 4518 1759 4604 Κ[λαυδιόυ

429 4610 559 4703 Νέρωνος.
603 4627 645 4682 At
666 4643 733 4682 cum
755 4624 833 4681 Nero
855 4624 945 4682 huius
966 4625 1157 4700 imperatorIs
1175 4645 1347 4702 praenomen
1369 4629 1424 4698 sit,
1444 4633 1515 4702 post
1534 4645 1643 4686 nomen
1664 4625 1761 4705 genti·

430 4717 532 4779 licium
553 4725 625 4797 poni
648 4744 707 4782 non
731 4733 837 4801 potest.
875 4722 935 4784 Sed
957 4745 994 4784 ne
1017 4727 1112 4784 omitti
1134 4726 1265 4801 quidem,
1287 4728 1370 4784 utin
1391 4735 1476 4804 patre
1491 4726 1624 4786 Neronis
1639 4724 1760 4786 Claudii

429 4841 612 4898 praenomen
638 4824 766 4884 Tiberius
793 4827 949 4898 omittitur,
976 4829 1087 4902 potuit,
1117 4846 1153 4885 ne
1174 4826 1258 4885 Nero
1284 4845 1352 4884 cum
1372 4836 1458 4905 patre
1480 4828 1709 4887 confunderetur
1719 4827 1759 4903 ¹).

430 4921 532 4996 Quare
558 4925 596 4983 ad
623 4923 773 4984 Neronem
799 4935 878 4986 certe
904 4929 1009 4986 referri
1035 4947 1095 4987 non
1119 4937 1227 5005 potest.
1274 4929 1370 5004 Atqui
1394 4926 1594 4988 Neubauerus
1622 4928 1761 4987 effecisse

428 5095 632 5107 ——n—

506 5217 529 5280 ¹)
557 5221 580 5270 Ε
599 5220 728 5271 contrario
747 5219 859 5272 Neronis
883 5237 978 5274 noman
999 5223 1098 5288 gentile
1113 5237 1297 5290 nonnunquam
1317 5225 1456 5287 omittitur,
1480 5230 1509 5274 ut
1525 5216 1586 5292 'Ep
1608 5215 1670 5292 ἆρχ.
1685 5221 1758 5273 3544

427 5303 521 5375 Νίρωνι
540 5309 672 5375 Σεβαστῷ,
693 5311 720 5362 id
739 5313 807 5377 quod
826 5313 854 5364 in
873 5313 982 5366 Claudio
1000 5329 1140 5379 numquam
1158 5314 1195 5364 tit.
