3812 5960
163 2223 258 2337 llum
283 2291 322 2336 eo
344 2276 539 2356 perventum
563 2277 662 2352 esset,
686 2277 724 2334 ut
746 2247 978 2356 inscriptiones
1001 2269 1142 2336 Latinae
1164 2291 1225 2356 per
1246 2269 1311 2335 tria
1332 2269 1400 2336 fere
1424 2291 1495 2337 sae·

163 2386 241 2452 cula
253 2385 426 2473 neglectae
443 2393 476 2450 et
490 2393 619 2450 tantum
636 2407 703 2449 non
719 2383 896 2450 derelictae
911 2383 1043 2472 publice
1055 2383 1187 2471 prodire
1199 2385 1383 2470 inciperent
1395 2408 1497 2472 opera

164 2493 297 2581 eorum,
318 2521 402 2585 quos
424 2497 607 2565 Academia
630 2497 849 2567 Scientierum
867 2499 1091 2565 Berolineusis
1115 2500 1145 2565 ei
1167 2500 1302 2588 negotio
1326 2500 1496 2585 praefecit,

164 2615 327 2680 collectae
355 2613 545 2701 recognitae
575 2623 793 2701 expurgatae,
824 2613 930 2680 eidem
953 2613 1153 2680 Academiae
1181 2615 1289 2680 visum
1319 2624 1369 2679 est
1397 2637 1496 2700 quam

163 2729 309 2815 primum
333 2751 445 2794 curam
469 2750 580 2815 agere,
602 2735 641 2792 ut
663 2717 780 2814 postea
801 2736 950 2816 repertae
973 2727 1052 2793 item
1075 2736 1349 2813 componerentur
1364 2728 1497 2813 supple·

164 2853 418 2928 mentorumque
442 2841 598 2928 deinceps
617 2841 819 2908 edendorum
835 2852 1003 2928 tamquam
1020 2841 1182 2927 quaedam
1200 2839 1415 2906 fundamenta
1431 2851 1497 2908 sta-

164 2959 227 3023 tim
249 2959 445 3023 iacerentur.
491 2955 579 3021 Nam
602 2965 640 3021 ut
663 2957 693 3022 ei
716 2957 774 3042 qui
797 2955 931 3022 domum
955 2955 1142 3022 aedificavit
1163 2956 1241 3022 item
1264 2955 1434 3039 incumbit,
1460 2965 1498 3021 ut

164 3073 257 3138 iusto
281 3080 428 3156 tempore
451 3071 614 3137 instauret
637 3093 708 3136 eam
733 3079 766 3136 et
788 3071 927 3154 reficiat,
949 3071 996 3136 ita
1019 3071 1076 3156 qui
1099 3069 1260 3136 eiusmodi
1282 3093 1403 3156 corpus
1420 3093 1497 3137 con·

165 3185 274 3268 dunt,
289 3185 453 3272 ingentem
476 3185 623 3250 laborem
646 3185 754 3270 perire
777 3185 889 3251 sinunt
913 3195 946 3251 et
968 3185 1057 3271 quod
1080 3186 1203 3252 fectum
1220 3194 1271 3252 est
1285 3208 1400 3251 rursus
1416 3209 1499 3271 quo-

166 3297 347 3366 dammodo
374 3299 531 3365 infectum
559 3297 719 3381 reddunt,
748 3299 776 3364 si
804 3322 876 3364 eam
905 3321 1016 3366 curam
1044 3309 1193 3386 tempore
1221 3300 1307 3366 finiri
1329 3301 1500 3387 patiuntur

167 3437 231 3481 sua
263 3421 383 3479 natura
412 3422 605 3500 perpetuam
637 3435 745 3498 neque
776 3413 974 3503 intellegunt
1003 3437 1087 3500 opus
1118 3437 1190 3480 esse
1220 3423 1351 3502 praeter
1379 3437 1499 3500 corpus

166 3530 277 3616 ipsum
305 3527 537 3594 additamentis
566 3526 608 3592 ad
635 3527 670 3592 id
698 3527 873 3594 continuis.
920 3527 1015 3595 Haec
1044 3529 1130 3594 enim
1158 3537 1209 3595 est
1232 3527 1499 3600 horum⁴studio·

164 3667 241 3710 rum
270 3641 437 3726 condicio,
468 3651 507 3707 ut
534 3663 617 3726 quae
646 3641 793 3727 quotidie
825 3641 1025 3708 effodiuntur
1052 3653 1120 3709 tam
1142 3644 1176 3710 in
1198 3643 1297 3709 Italia
1319 3667 1417 3730 quam
1441 3667 1501 3730 per

165 3757 298 3844 imperii
319 3757 460 3823 Romani
489 3756 579 3842 quod
606 3756 668 3822 fuit
694 3757 900 3844 provincias,
929 3780 968 3824 ea
999 3759 1026 3824 si
1056 3757 1188 3844 quidem
1212 3759 1324 3824 statim
1348 3759 1499 3840 eduntur,

165 3874 359 3939 inserantur
382 3870 646 3959 ephemeridibus
669 3870 878 3957 potissimum
903 3879 936 3936 et
959 3871 1200 3938 academiarum
1219 3873 1380 3938 maiorum
1395 3873 1500 3938 mino·
1588 3879 1591 3886 '

166 4009 285 4052 rumve
313 3986 396 4054 actis
424 3995 457 4052 et
484 3985 605 4052 libellis
632 3985 667 4050 in
690 3985 935 4072 municipalium
958 3986 1070 4072 potius
1096 3995 1129 4052 et
1151 3986 1401 4072 provincialium
1426 4011 1500 4073 gra-

166 4102 250 4167 tiam
282 4123 381 4186 quam
412 4099 613 4166 eruditorum
644 4099 789 4164 omnium
817 4099 964 4184 scriptis,
994 4108 1167 4186 praeterea
1194 4101 1299 4164 multa
1322 4122 1435 4176 eorum
1458 4123 1499 4164 ne

165 4214 334 4302 prodeant
358 4215 502 4300 quidem,
526 4235 601 4280 cum
624 4213 757 4280 occasio
781 4212 899 4279 edendi
923 4213 1066 4280 deficiat.
1112 4214 1166 4280 Ita
1188 4215 1237 4296 fit,
1261 4222 1299 4279 ut
1322 4235 1408 4300 quae
1431 4214 1499 4280 fors

165 4331 292 4396 obtulit
313 4330 507 4417 plerumque
529 4337 607 4416 post
630 4351 733 4394 annos
757 4327 887 4394 demum
911 4329 951 4396 iis
973 4330 1182 4395 innotescant
1198 4351 1336 4415 quonam
1351 4329 1499 4395 interest.

167 4444 259 4512 Saue
290 4445 346 4529 qui
375 4445 409 4509 in
437 4443 490 4510 his
518 4443 637 4510 studiis
667 4465 801 4528 operam
830 4445 944 4528 posuit
973 4444 1001 4510 si
1031 4443 1209 4532 cogitabit,
1240 4467 1305 4530 qua
1331 4444 1500 4511 molitione

166 4581 255 4647 opus
282 4559 368 4624 foret
392 4557 434 4624 ad
456 4557 708 4644 inscriptionum
737 4580 797 4643 per
823 4557 885 4624 hos
917 4557 1030 4624 decem
1059 4581 1163 4625 annos
1190 4559 1358 4646 proximos
1387 4560 1502 4626 inven-

165 4683 278 4738 tarum
301 4655 421 4738 iliatam
444 4673 596 4738 notitiam
621 4671 894 4757 comparandam,
922 4695 989 4736 non
1012 4673 1162 4760 negabit,
1185 4675 1250 4740 nisi
1273 4696 1352 4740 cura
1375 4673 1502 4756 eadem,

166 4809 237 4872 qua
266 4785 308 4852 ad
338 4809 459 4874 corpus
487 4787 738 4874 inscriptionum
761 4785 957 4852 Latinarum
985 4785 1118 4854 tandem
1150 4788 1328 4875 aliquando
1351 4791 1502 4873 perveni-

166 4923 257 4983 mus,
279 4909 357 4986 post
380 4901 415 4968 id
438 4901 627 4968 absolutum
651 4912 784 4969 strenue
808 4903 1030 4984 continuetur,
1051 4911 1129 4988 post
1152 4903 1235 4970 alios
1259 4902 1374 4970 decem
1397 4925 1502 4969 annos

165 5015 202 5081 in
226 5015 499 5102 inscriptionibus
523 5017 580 5102 qui
603 5018 774 5084 elaborent
796 5039 909 5084 rursus
933 5017 1117 5085 nescittuos
1140 5041 1226 5101 esse,
1248 5017 1502 5086 instrumentum

167 5129 397 5198 necessarium
420 5130 508 5197 unde
532 5141 673 5200 sumant.

1263 5243 1298 5302 10
