3858 5960
987 687 1187 739 WILMANNS

728 959 796 1033 DE
823 955 1114 1032 PRAEFECTO
1143 954 1454 1030 CASTRORVM.

510 1133 659 1191 Praefecti
681 1143 846 1190 castrorum
869 1131 1025 1207 quaerenti
1047 1129 1120 1187 mihi
1141 1129 1334 1186 innotuerunt
1354 1128 1400 1186 hi:

493 1261 524 1336 l)
558 1260 713 1334 Vespasiae
729 1257 832 1315 Pollio.
848 1289 889 1298 —
912 1255 991 1314 Suet.
1015 1255 1176 1329 Vespos.1:
1197 1254 1293 1324 Pollo,
1308 1253 1436 1311 Nursiae
1450 1253 1563 1311 lonasto
1576 1271 1677 1330 perere
1692 1265 1755 1314 orto

576 1367 691 1434 patrem
713 1358 811 1415 latuit
831 1357 997 1434 Vespasium
1011 1354 1178 1424 Pollionern,
1202 1364 1245 1412 ter
1266 1355 1408 1413 tribunum
1428 1353 1548 1412 militum
1566 1357 1755 1430 praefectum-

580 1477 634 1534 que
655 1467 825 1529 castrorum,
840 1459 965 1530 sratrern
986 1465 1141 1514 senatorem
1158 1457 1325 1530 praetoriae
1346 1456 1505 1528 dipnitatis.

427 1558 579 1634 Vespasia
599 1557 687 1616 Polla
712 1565 807 1616 mater
828 1565 875 1615 est
894 1555 1076 1631 Vespasiani
1097 1555 1301 1631 imperatoris,
1329 1556 1392 1612 nati
1414 1554 1528 1613 annoti
1545 1551 1643 1630 p.C.,
1671 1563 1756 1631 pater

427 1661 518 1736 igitur
540 1659 605 1718 sine
626 1658 717 1716 dubio
739 1658 955 1734 praefecturam
978 1663 1141 1714 castrorum
1163 1656 1293 1714 obtinuit
1313 1656 1478 1730 imperante
1500 1657 1647 1732 Augusto.

492 1760 526 1834 2)
559 1759 612 1817 M)
634 1757 759 1816 Eunt'tts.
777 1791 816 1802 -
837 1758 897 1814 Dio
910 1759 959 1827 55,
977 1758 996 1813 8
1018 1755 1108 1831 (anno
1125 1756 1188 1831 81).
1208 1754 1256 1831 G.)
1278 1747 1480 1838 Σκενὸβαρδδς
1500 1777 1543 1814 res
1564 1747 1755 1838 npsrnosnra‘-

581 1879 662 1925 μενος
682 1847 920 1926 usrnerrsrerns
943 1845 991 1912 nai
1013 1845 1137 1926 πέμψας
1157 1849 1222 1912 κατ’
1243 1849 1313 1912 satiri
1334 1855 1416 1912 τοῦτο
1438 1850 1507 1938 rupis
1527 1845 1633 1912 Μάνιον
1651 1845 1756 1912 'Earsos

582 1949 766 2040 φρούραρχον
787 1949 907 2014 Seruius
929 1953 964 2013 uis
985 1944 1160 2024 increscentis
1182 1946 1218 2012 niv
1239 1951 1430 2024 αὐτομολῆσαι
1451 1963 1514 2014 κτλ.
1529 1987 1567 1998 -
1594 1957 1621 2014 Τ
1619 1976 1662 2016 ae.
1677 1957 1754 2015 Ann.

581 2059 608 2131 I,
623 2058 667 2116 38
688 2057 777 2132 (anno
791 2059 831 2116 14
841 2077 873 2133 p.
892 2057 938 2132 C.)
962 2056 1004 2114 At
1024 2061 1054 2114 in
1075 2057 1198 2117 Circaeis
1218 2068 1380 2132 coeptavere
1398 2057 1561 2116 seditionem
1577 2059 1756 2133 praesidium

581 2163 722 2234 apitantes
748 2159 893 2218 uesillarii
917 2159 1091 2216 discordiam
1118 2159 1257 2234 lepionum
1282 2166 1309 2214 et
1329 2161 1477 2234 praesenti
1497 2158 1618 2216 duonum
1638 2159 1756 2217 militum

582 2261 724 2336 supplicio
746 2259 881 2336 paullum
906 2262 1032 2334 repressi
1055 2267 1130 2316 sunt.
1174 2259 1305 2316 Iusserat
1325 2259 1357 2315 id
1376 2257 1431 2315 tt:
1447 2257 1575 2330 Ennius,
1601 2269 1756 2319 carnorum

579 2362 754 2435 praesidas,
776 2359 847 2418 bono
868 2364 960 2434 inopis
982 2359 1106 2434 esemplo
1126 2377 1213 2434 quam
1234 2377 1364 2418 eoncmso
1385 2362 1457 2418 iure.

429 2458 481 2518 M.'
497 2457 587 2517 Ennii
609 2479 718 2518 nomen
738 2469 818 2518 recte
840 2459 920 2535 apud
935 2459 1073 2518 Tacitum
1095 2459 1226 2518 restituit
1244 2458 1460 2535 Nipperdeius3
1482 2459 1547 2519 cod.
1569 2459 1648 2520 Med.
1668 2461 1757 2519 habet

429 2557 575 2618 Mennius.

493 2661 520 2717 3.
533 2660 568 2736 4)
596 2660 636 2720 L.
655 2661 777 2737 Eppius.
808 2661 950 2720 Ceionius.
967 2693 1005 2704 -
1038 2661 1111 2720 Veli.
1131 2662 1160 2732 2,
1180 2663 1237 2720 119
1258 2661 1345 2735 (anno
1363 2663 1429 2737 9p.
1454 2661 1485 2721 C.
1513 2665 1544 2720 in
1566 2661 1679 2738 proelio
1701 2661 1756 2720 Va·

581 2761 697 2838 risam:
723 2763 800 2820 Duri
823 2763 893 2837 plus
920 2763 960 2820 ad
985 2763 1160 2820 moriendum
1186 2781 1273 2838 quarn
1298 2763 1341 2820 ad
1363 2763 1549 2838 pupnonduns
1569 2766 1660 2820 animi
1677 2765 1755 2839 suit:

581 2867 687 2939 quippe
702 2866 819 2938 paterni
839 2866 964 2939 setaque
986 2865 1106 2938 erempli
1126 2881 1270 2921 successor
1288 2867 1393 2938 seipse
1407 2865 1556 2939 tronsfim.
1589 2863 1631 2922 Ar
1644 2882 1659 2921 e
1671 2881 1757 2938 pras-

573 2965 661 3038 sectis
682 2972 841 3020 castrorum
861 2963 970 3022 duobus
991 2983 1077 3040 quam
1099 2965 1208 3023 clanim
1230 2964 1385 3042 exemplum
1399 2963 1438 3022 L.
1452 2963 1574 3041 Eppius,
1598 2975 1654 3024 tam
1674 2973 1757 3041 turpe

584 3064 716 3122 Ceionius
733 3065 876 3139 prodidit,
898 3068 957 3140 qui,
978 3083 1041 3122 curn
1062 3065 1144 3140 lonpe
1158 3068 1310 3126 marinam
1327 3075 1441 3142 partem
1454 3065 1757 3142 assumpseramus,

582 3175 683 3223 auctor
704 3166 854 3222 deditionis
876 3165 1018 3240 supplicio
1040 3183 1125 3240 quam
1142 3165 1254 3241 proelio
1275 3170 1348 3224 inari
1366 3167 1475 3225 maluit.

493 3267 526 3340 5)
559 3266 597 3324 L.
623 3266 782 3324 Caedicius.
797 3296 838 3307 -
860 3264 932 3322 Veli.
952 3264 1060 3334 2,120
1082 3261 1171 3338 (anno
1188 3267 1209 3324 9
1218 3285 1251 3342 p.
1270 3265 1300 3324 C.
1318 3267 1545 3343 post-proelium
1567 3267 1756 3344 Varianam).-

582 3364 621 3423 L.
648 3367 732 3422 etiam
754 3363 883 3436 Caedici,
905 3365 1050 3440 praefecti
1070 3375 1243 3438 castrorum,
1272 3384 1421 3442 eorumque
1442 3372 1492 3442 qui
1511 3387 1569 3425 una
1590 3370 1759 3426 circumdati

581 3464 702 3524 Alisone
735 3466 869 3522 inmersis
898 3463 1104 3522 Cumanorum
1131 3469 1221 3540 copiis
1248 3467 1458 3540 obsidebantur,
1486 3468 1639 3526 laudanda
1665 3473 1758 3528 uirtus

583 3577 625 3626 est
644 3575 695 3623 cst.

492 3667 525 3742 6)
557 3667 725 3742 Aufidienus
739 3663 846 3737 Rufus.
862 3696 900 3706 -
926 3665 993 3726 Tac.
1015 3685 1082 3724 ann.
1098 3668 1125 3738 1,
1142 3667 1185 3724 20
1205 3666 1295 3742 (anno
1309 3669 1349 3726 14
1358 3687 1392 3744 p.
1410 3669 1441 3728 C.
1463 3671 1493 3726 in
1514 3669 1649 3728 seditione
1670 3671 1758 3746 lepis·

580 3785 647 3826 num
668 3765 897 3822 Pannonicorum
916 3765 1002 3823 VIII
1013 3765 1102 3842 Aup„
1125 3767 1181 3825 IX
1198 3767 1297 3844 Hisp„
1321 3769 1389 3828 XV
1398 3767 1591 3845 Apollinaris,
1612 3789 1686 3846 quas
1707 3774 1758 3830 iis·

468 3893 471 3900 ’
580 3869 644 3926 dens
658 3867 762 3924 matria
783 3869 899 3924 oesdois
921 3867 1008 3924 simul
1028 3867 1234 3944 habebantur).·
1255 3873 1362 3928 intereo
1384 3869 1525 3945 manipuli
1546 3880 1611 3928 onte
1631 3882 1758 3948 coeptam

581 3969 744 4026 seditionem
763 3965 946 4042 Nauportum
972 3970 1054 4027 missi
1078 3969 1113 4026 ob
1133 3973 1238 4028 itinera
1259 3979 1285 4028 et
1300 3979 1403 4045 pontes
1425 3981 1450 4029 et
1470 3971 1544 4030 alios
1566 3989 1651 4042 suus,
1673 3983 1757 4048 post·

581 4087 667 4144 ossam
690 4067 830 4124 turbatum
852 4071 883 4126 in
904 4072 1009 4126 castris
1030 4087 1169 4144 accepere,
1191 4069 1298 4128 serilla
1320 4069 1537 4130 convellunt-
1554 4103 1592 4114 -
1613 4076 1757 4133 retinentis

581 4170 756 4228 centuriones
776 4171 869 4225 inrisu
890 4177 916 4225 et
932 4169 1115 4238 contumeliis,
1132 4179 1278 4245 postremo
1293 4171 1454 4230 aeonibus
1468 4175 1652 4244 insectantur,
1669 4192 1757 4248 prae·

582 4273 667 4344 cipuu
686 4272 717 4325 in
731 4266 911 4342 Aufidienum
925 4267 1043 4342 Rufum,
1061 4270 1238 4343 praesectum
1251 4281 1418 4342 casamm,
1439 4277 1496 4343 ira,
1518 4291 1599 4349 quen
1614 4275 1759 4349 ἀονφτιιηι

583 4368 711 4426 reticulo
733 4370 857 4426 sarcinis
878 4379 1003 4442 prorant
1023 4379 1167 4445 aquasque
1187 4375 1218 4429 in
1239 4375 1361 4448 opmine,
1379 4391 1434 4449 per
1455 4373 1609 4432 ludibrium
1630 4377 1758 4450 rapitan-

431 4531 634 4545 ——u-—qu—

433 4652 490 4712 3,2
510 4667 536 4714 p.
550 4653 612 4712 tut,
632 4665 685 4701 non
705 4652 843 4702 sufficiunt.
880 4652 983 4704 Deinde
1002 4656 1045 4719 qui
1064 4671 1146 4721 nuper
1163 4657 1196 4707 de
1213 4659 1375 4724 praefectura
1392 4661 1502 4724 legionis
1521 4661 1573 4725 egit
1590 4661 1645 4710 Lea
1662 4660 1759 4710 Renier

430 4738 498 4791 enlin.
518 4739 549 4790 de
568 4735 645 4790 linst.
665 4743 723 4806 imp.
746 4743 816 4793 1867
835 4759 862 4808 p.
877 4745 990 4810 302sq.,
1010 4746 1033 4795 is
1052 4761 1103 4811 quo
1121 4755 1160 4798 est
1176 4749 1281 4814 ingenio
1300 4757 1375 4800 acuta
1394 4751 1517 4817 uberique
1536 4751 1654 4800 doctrina
1671 4751 1756 4800 Larcii

431 4831 524 4896 Lepidi
549 4832 651 4882 titulum
673 4831 805 4895 praeclare
829 4835 970 4899 supplerit;
995 4851 1060 4901 qnae
1078 4843 1164 4889 tamen
1183 4840 1216 4888 de
1233 4842 1396 4905 praefectura
1413 4841 1522 4906 legionis
1540 4841 1674 4902 disseruit,
1697 4855 1757 4905 pro·

431 4921 518 4972 banda
546 4937 599 4971 non
623 4935 679 4972 esse
703 4929 729 4971 et
751 4937 784 4972 ex
809 4925 841 4973 iis
864 4933 926 4990 puto
950 4941 1016 4991 quae
1038 4943 1117 4992 supra
1140 4931 1215 4994 posui
1238 4939 1345 4995 apparet
1368 4939 1394 4982 et
1418 4939 1477 4982 ante
1506 4945 1547 4981 me
1572 4931 1759 4982 demonstrarit

430 5011 608 5062 Mommseuus
626 5011 695 5073 (loco
713 5027 776 5063 mox
795 5015 921 5078 citando);
945 5025 1015 5067 reete
1034 5025 1119 5068 tamen
1137 5021 1285 5086 primusque
1304 5021 1393 5072 docuit
1410 5023 1596 5087 praefecturam
1615 5028 1757 5072 cunarum

431 5115 558 5152 sumum
576 5117 632 5154 esse
655 5103 767 5153 militare
790 5119 883 5174 mpnus
905 5105 933 5156 iu
958 5107 1087 5173 Aegypto.
1129 5107 1249 5176 Denique
1272 5113 1397 5164 nonnulla
1420 5114 1453 5162 de
1475 5111 1637 5178 praefectura
1660 5111 1758 5176 optime

432 5193 552 5257 exposuit
563 5194 748 5255 Mommseuus,
767 5209 825 5244 cnm
843 5196 945 5246 titulum
964 5197 996 5248 T.
1012 5199 1095 5250 Flauii
1107 5201 1249 5266 Vergiliani
1269 5201 1358 5268 (supra
1374 5219 1401 5254 n.
1415 5203 1461 5266 st)
1480 5203 1570 5254 ederet
1587 5205 1615 5254 in
1627 5201 1758 5253 Gerhsrdi

433 5286 596 5352 ephemeride
614 5288 742 5341 michaeol.
761 5287 869 5342 XXVII
889 5286 982 5349 (1869)
1001 5305 1025 5354 p.
1042 5291 1103 5340 119.
