3858 5960
822 1659 1331 1776 ADDITAMENTVM

539 1865 616 1949 AD
645 1862 852 1949 FASTOS
882 1859 1228 1947 CONSVLARES
1257 1854 1614 1942 CAPITOLINOS

941 2012 1048 2088 (verr
1069 2031 1100 2090 p.
1115 2011 1202 2087 438).

974 2225 1177 2236 ---

494 2457 708 2534 Fragmentum
734 2473 933 2516 marmoreum
958 2453 1101 2514 effossum
1128 2468 1207 2512 anno
1225 2447 1304 2511 1871
1331 2449 1363 2508 in
1390 2449 1456 2508 foro
1476 2447 1613 2508 Romano
1634 2448 1741 2509 erude-

411 2557 516 2630 rando,
538 2575 618 2617 nuno
638 2556 829 2620 adservatum
850 2556 882 2614 in
903 2561 1003 2616 monte
1023 2553 1164 2615 Palatino
1186 2555 1217 2612 in
1237 2549 1387 2628 reponitis.

516 2950 576 3010 617
616 2967 1107 3022 aatmtm...1...aupttu.poretaa
1180 2975 1197 3008 o.

516 3050 576 3111 618
616 3066 979 3122 tarentinam
1028 3083 1031 3090 ·

412 3535 580 3615 Deseripai.
617 3534 832 3617 Fragmentum
854 3537 1044 3598 inserendum
1067 3546 1115 3596 eet
1134 3538 1213 3597 inter
1233 3535 1400 3613 fragmenta
1420 3535 1591 3613 Capitolina
1602 3535 1741 3597 xv1111.

412 3635 502 3696 XXo
523 3644 553 3696 et
573 3637 686 3712 XXII,
713 3640 745 3697 in
766 3638 896 3698 editione
917 3656 984 3698 mea
1004 3655 1105 3697 errore
1126 3637 1307 3716 typographi
1328 3637 1407 3696 male
1429 3637 1506 3696 inter
1527 3655 1561 3697 ae
1581 3637 1744 3696 coniuncta

413 3737 472 3809 oio,
498 3745 532 3796 ut
557 3737 696 3798 oonaulee
722 3739 794 3798 anni
809 3737 869 3798 616
895 3738 984 3814 plane
1006 3737 1181 3796 exciderint.
1223 3735 1344 3796 Partem
1366 3737 1525 3815 fragmenti
1542 3735 1641 3797 XXII
1661 3753 1741 3796 novo

412 3836 542 3897 fruetulo
564 3838 794 3916 respondentem
815 3838 990 3898 maiusculis
1012 3837 1080 3896 dedi
1101 3837 1261 3898 inclinatio.

454 3936 494 3995 A.
511 3936 571 3997 618
597 3940 732 3999 oenaorie
758 3938 882 3998 alteriue
906 3930 1016 3998 nomen
1041 3957 1081 3998 ex
1106 3938 1215 3998 litteris
1242 3937 1374 3998 residuis
1395 3951 1440 3998 oa
1465 3947 1545 3999 reete
1570 3937 1744 3999 coniectura

413 4045 583 4098 assecutum
610 4055 679 4099 eoae
700 4035 858 4116 Sigonium
884 4038 1084 4117 fragmentum
1104 4057 1209 4098 reeens
1229 4047 1380 4116 repertum
1401 4038 1542 4098 ostendit.
1559 4071 1598 4082 -
1625 4039 1665 4097 A.
1680 4036 1742 4098 619

413 4139 548 4198 oonsulie
572 4138 695 4200 Pitonia
720 4140 816 4216 patria
841 4155 1023 4216 praenomen
1049 4138 1147 4198 adhue
1172 4139 1375 4217 ignorabatur.
1417 4139 1483 4198 Iam
1508 4157 1576 4198 oum
1601 4137 1744 4198 litterae

414 4237 568 4297 evidenter
589 4249 747 4317 appareat,
775 4248 875 4299 utrum
898 4253 931 4298 c·
957 4239 1000 4298 ibi
1025 4237 1115 4298 fuerit
1139 4257 1177 4298 an
1199 4253 1271 4313 cro,
1298 4255 1358 4298 non
1379 4238 1486 4316 liquet;
1514 4247 1641 4315 utroque
1662 4237 1744 4298 enim

413 4339 609 4414 praenomine
625 4339 770 4399 Pisonum
790 4339 907 4398 familia
926 4339 1072 4400 utebatur.
1088 4370 1127 4382 —
1149 4339 1189 4399 A.
1205 4337 1266 4400 620
1286 4339 1420 4401 eontulit
1441 4337 1545 4400 Flaooi
1564 4339 1660 4416 patrie
1680 4337 1745 4398 avi·

414 4453 472 4510 que
493 4431 690 4514 praenomina
710 4456 789 4500 nune
811 4437 930 4500 demum
950 4439 1151 4500 innotescunt.

1483 4574 1533 4635 W.
1555 4569 1701 4634 Beonan.
