3858 5960
662 587 663 594 ’
692 603 741 653 nn
760 601 905 654 urruns
924 601 1081 654 ATTIGIS.
1476 586 1544 656 107

223 772 284 835 Sed
304 773 409 834 luerit:
431 780 463 830 nt
482 790 551 831 enm
573 789 668 847 neque
690 770 873 849 provinciam
894 771 1120 830 administrasse
1142 787 1238 847 neque
1256 773 1414 848 quicquam
1429 773 1548 845 fecisse,

221 893 277 933 cnr
301 874 465 949 imperator
491 871 673 931 salutaretur
699 872 841 932 traditum
868 882 923 930 est.
966 872 1007 930 Et
1027 889 1224 948 quamquam,
1251 883 1284 932 ut
1303 879 1351 933 est
1371 873 1454 932 illius
1475 882 1546 932 tem-

223 975 308 1050 poris
329 973 473 1032 memoria
493 973 611 1032 turbata
632 978 720 1048 atque
741 991 857 1044 manca,
878 972 999 1030 minime
1019 972 1051 1030 in
1073 972 1246 1032 universum
1267 973 1408 1050 colligere
1428 973 1500 1033 licet
1517 973 1547 1032 id

222 1073 306 1149 quod
332 1091 481 1150 nusquam
507 1080 767 1145 commemoratur,
793 1092 854 1132 non
879 1073 989 1144 fuisse,
1017 1072 1064 1132 hic
1090 1081 1190 1132 tamen
1215 1090 1265 1132 res
1286 1073 1373 1132 aliter
1394 1091 1427 1133 sc
1448 1074 1546 1134 habet.

225 1171 259 1234 Si
285 1175 364 1232 enim
391 1181 459 1232 ante
481 1170 585 1234 Sullae
606 1180 732 1232 mortem
755 1171 901 1234 Crassum
923 1173 1000 1232 tituli
1021 1174 1118 1232 nostri
1138 1191 1328 1250 quaeremus,
1356 1193 1393 1234 co
1415 1183 1549 1250 tempore

225 1272 359 1333 Graecos
387 1273 533 1332 eiusmodi
557 1273 702 1332 honorum
725 1292 797 1351 erga
817 1272 969 1332 Romanos
991 1273 1111 1332 minime
1132 1273 1274 1351 prodigos
1293 1273 1388 1334 fuisse
1409 1275 1548 1334 memine-

224 1375 319 1432 rimus
345 1391 469 1432 necesse
496 1380 552 1433 ast
597 1373 633 1433 ld
661 1375 738 1433 enim
765 1392 838 1432 casu
864 1373 974 1432 laetum
1000 1391 1087 1434 nemo
1108 1375 1238 1450 putabit,
1265 1383 1298 1434 ut
1319 1375 1383 1434 eius
1405 1375 1548 1452 temporis

226 1472 302 1532 tituli
329 1473 482 1532 honorarii
507 1473 710 1534 Romanorum
735 1475 766 1532 in
794 1473 926 1535 Graecia
951 1474 1028 1534 nulli
1055 1481 1245 1534 servarentur
1271 1475 1328 1534 nisi
1354 1493 1470 1545 eorum,
1497 1475 1548 1548 qui

225 1591 292 1632 cum
314 1574 437 1634 summis
459 1571 644 1633 Graecorum
665 1575 755 1634 rebus
777 1573 1014 1634 coniunctissimi
1035 1581 1143 1646 essent,
1165 1574 1256 1634 veluti
1275 1575 1313 1634 T.
1337 1574 1457 1648 Quincti
1479 1573 1548 1634 Fla·

226 1673 346 1746 minini,
374 1672 411 1746 Q.
434 1672 547 1734 Caecili
573 1674 689 1734 Metelli
710 1674 908 1744 Macedonici,
934 1673 972 1734 L.
995 1675 1118 1734 Mummi
1138 1675 1280 1746 Achaici,
1308 1673 1345 1734 1..
1367 1675 1464 1738 Licini
1486 1674 1548 1733 Lu-

225 1771 342 1850 culli.¹)
384 1773 499 1848 Quodsi
526 1775 565 1834 ad
590 1782 707 1851 tempus
734 1772 888 1836 Ciceronis
915 1774 1137 1847 descendimus,
1164 1793 1201 1836 eo
1228 1785 1361 1853 tempore
1384 1783 1485 1853 partes
1506 1777 1547 1835 M.

227 1872 331 1934 Crassi
351 1875 383 1932 in
402 1877 493 1936 rebus
514 1875 643 1952 publicis
665 1895 719 1936 eae
740 1874 868 1948 luerunt,
890 1883 923 1934 nt
943 1875 996 1934 vix
1016 1875 1181 1952 putandum
1203 1877 1257 1947 sit,
1280 1877 1409 1939 hominis
1431 1877 1458 1936 ei
1479 1894 1548 1953 cog·

227 1974 288 2032 nati
309 1975 480 2033 memoriam
502 1976 592 2051 plane
612 1975 812 2047 intercidisse,
834 1994 1013 2052 quamquam
1035 1977 1195 2052 proconsul
1217 1984 1246 2035 et
1260 1978 1421 2054 imperator
1434 1977 1548 2049 inisset,

225 2074 400 2150 praesertim
422 2094 489 2134 cum
510 2077 584 2134 satis
606 2077 701 2135 multa
721 2076 758 2134 de
779 2075 868 2136 huius
891 2075 1033 2152 temporis
1054 2076 1223 2135 hominibus
1245 2077 1396 2136 nobilibus
1417 2078 1448 2136 in
1463 2076 1547 2137 Cice·

225 2175 308 2232 ronis
329 2175 465 2250 epistolis
486 2185 516 2234 et
537 2177 608 2234 alibi
631 2184 751 2236 servata
772 2176 841 2236 siut.

310 2272 395 2348 Quae
424 2277 450 2334 si
471 2295 542 2336 vere
567 2275 719 2353 disputata
740 2285 824 2348 sunt,
848 2276 968 2348 titulus,
996 2275 1033 2334 de
1054 2295 1113 2352 quo
1135 2277 1265 2354 agimus,
1292 2279 1370 2337 inter
1390 2295 1485 2336 annos
1508 2279 1547 2336 30

226 2395 253 2432 a.
276 2372 347 2434 Chr.
375 2385 405 2434 et
430 2374 468 2434 12
490 2395 519 2452 p.
541 2375 612 2436 Chr.
641 2375 826 2451 compositus
856 2376 895 2435 sit
923 2394 1046 2436 necesse
1075 2384 1129 2436 est.
1180 2377 1230 2436 Ex
1258 2378 1302 2437 cis
1331 2397 1402 2438 vero
1431 2377 1548 2438 duobus

227 2473 357 2546 Crassis,
379 2475 430 2552 qui
451 2477 482 2535 in
503 2477 699 2564 hoctempus
719 2455 863 2550 incidunt,
885 2495 1071 2553 quorumque
1091 2485 1214 2554 uterque
1228 2477 1348 2538 Marcus
1362 2478 1456 2537 Marci
1470 2478 1548 2537 filius

225 2575 296 2648 fuit,
324 2585 395 2635 natu
421 2578 529 2649 minor,
554 2593 616 2636 cos.
642 2579 680 2638 14
699 2596 725 2636 a.
742 2577 814 2637 Chr.
837 2577 955 2636 nomine
977 2583 1063 2636 tenus
1084 2587 1174 2636 notus
1196 2587 1254 2638 est:
1283 2585 1315 2636 at
1335 2579 1400 2636 eius
1421 2588 1548 2654 patrem,

226 2693 288 2734 cos.
311 2676 350 2732 30
369 2696 395 2734 a.
412 2675 500 2750 Cha,
526 2677 674 2736 triumviri
699 2685 852 2755 nepotem,
878 2695 937 2734 non
965 2677 1063 2734 solum
1091 2697 1130 2736 ex
1156 2679 1314 2737 consulatu
1340 2679 1548 2754 proconsulem

225 2775 418 2836 Macedoniae
432 2787 463 2836 et
476 2777 608 2836 Achaiae
628 2777 723 2835 luisse
744 2769 947 2847 constats‘sed
967 2777 1057 2834 etiam
1077 2777 1109 2833 in
1131 2794 1167 2833 eo
1188 2777 1365 2852 magistratu
1386 2783 1485 2835 tantas
1500 2796 1548 2836 res

226 2877 369 2952 gessisse,
390 2886 423 2934 ut
443 2896 522 2936 anno
543 2897 570 2936 a.
587 2876 658 2936 Chr.
675 2877 713 2936 at
736 2878 772 2935 de
788 2873 987 2935 Thraeciu'et
1009 2873 1113 2935 Geteis
1135 2875 1333 2952 triumpharet
1354 2876 1424 2936 insti
1445 2877 1548 2936 trium-

225 2977 331 3052 phales
352 2975 492 3053 produnt.

310 3075 396 3150 Quae
417 3095 508 3154 quum
529 3079 572 3138 ita
592 3077 661 3152 sint,
683 3077 786 3138 titulus
808 3083 897 3155 aptus
919 3077 976 3135 erit
989 3077 1033 3136 eis
1052 3075 1233 3148 refellendis,
1255 3095 1331 3153 quae
1345 3076 1407 3134 Dio
1423 3075 1549 3137 Cassius

228 3176 278 3248 51,
293 3176 377 3250 36st
399 3179 436 3238 de
457 3179 514 3237 hoc
536 3176 648 3239 Crasso
668 3179 775 3251 tradit3
802 3179 887 3238 cuius
909 3179 1001 3238 verba
1022 3178 1095 3236 haee
1117 3185 1200 3236 sunt:
1226 3167 1274 3233 aci
1296 3169 1354 3259 γὰρ
1375 3165 1423 3233 aui
1444 3168 1550 3234 &orior

227 3267 275 3334 aori
296 3277 435 3362 νικητήρια
456 3273 517 3356 οὐχ
537 3269 579 3336 ἔτι
600 3280 642 3356 τῷ
661 3270 793 3362 Koiropr,
813 3273 891 3336 ἀλλὰ
911 3268 960 3336 reni
981 3270 1073 3354 ἐκείνῳ
1094 3267 1266 3353 ἐψηφίσθη,
1287 3271 1319 3336 ου’
1341 3267 1430 3347 alera
1449 3266 1497 3334 noi
1517 3271 1549 3334 rd

226 3379 280 3434 τοῦ
299 3369 501 3463 αὐτοκράτορος
521 3365 624 3447 droam,
650 3371 688 3440 uio
709 3369 743 3456 pi
763 3368 833 3441 rivio
854 3390 958 3456 φασιν,
980 3369 1103 3446 ἔλαβεν,
1125 3371 1188 3436 ἀλλ’
1210 3373 1224 3434 ὅ
1244 3379 1356 3460 Καῖσαρ
1377 3368 1459 3446 μένος
1479 3371 1549 3434 ariri

226 3468 389 3561 προέθετο.
432 3481 510 3539 Eum
537 3489 656 3540 secutus
683 3480 868 3557 Borghesius
895 3482 976 3539 Ann.
1001 3481 1071 3539 inst.
1093 3479 1156 3538 XX
1179 3477 1289 3554 (1848)
1311 3498 1341 3554 p.
1356 3477 1416 3536 263
1444 3476 1550 3536 Crassi

227 3579 365 3656 exemplo
390 3581 518 3656 probare
543 3581 658 3654 studet,
686 3582 817 3657 Augusti
843 3590 939 3639 aetate
959 3581 1078 3640 facilius
1100 3580 1193 3640 luisse
1214 3579 1397 3655 triumphum
1420 3579 1551 3654 assequi,

228 3699 317 3755 quarn
338 3681 561 3756 imperatoriam
583 3682 800 3740 salutationem.
836 3682 930 3756 Atqui
948 3683 1047 3758 possit
1061 3682 1171 3758 aliquis
1186 3681 1295 3751 dicere,
1318 3679 1357 3738 ob
1373 3699 1437 3737 eam
1452 3679 1551 3754 ipsam

228 3798 366 3852 eausam,
392 3781 475 3858 quod
495 3781 604 3840 Dionis
625 3782 797 3841 testimonio
818 3789 949 3854 constet,
976 3781 1127 3839 consulem
1149 3782 1219 3839 anui
1235 3782 1274 3839 30
1290 3799 1316 3837 a.
1332 3779 1403 3838 chr.
1424 3779 1551 3856 impera-

227 3887 322 3938 torem
349 3899 408 3938 non
433 3882 541 3954 luisse,
570 3881 714 3942 Crassum
740 3883 819 3940 tituli
840 3881 936 3939 nostri
957 3881 1049 3938 alium
1070 3881 1234 3956 putandum
1255 3897 1332 3937 esse.
1377 3877 1446 3950 Qua
1466 3881 1497 3938 in
1518 3899 1551 3938 re

228 3980 260 4038 id
287 3981 406 4040 minimo
433 3990 481 4041 est
505 3983 729 4061 negligendum,
758 3981 839 4057 quod
860 3979 925 4064 Dio
951 3981 1017 4055 ipse
1043 3980 1167 4039 vocibus
1195 3971 1238 4040 oie
1263 3969 1302 4054 γέ
1328 3968 1417 4036 τινές
1442 3987 1551 4052 φασιν

230 4078 339 4138 additis
366 4081 515 4142 diversam
542 4083 578 4142 da
605 4102 642 4142 ea
666 4104 698 4142 re
720 4081 894 4141 memoriam
914 4079 1010 4140 fni'sse
1030 4079 1148 4138 indicat.
1193 4077 1306 4152 Quidni
1326 4077 1416 4153 igitur
1437 4077 1460 4134 ii
1480 4095 1551 4135 vera

229 4179 398 4254 retulerint,
426 4201 503 4259 quos
524 4183 585 4243 Dio
611 4197 674 4243 non¹
693 4193 814 4244 secutus
836 4181 901 4240 esti
942 4181 1086 4239 Fortasse
1108 4179 1198 4238 verba
1218 4171 1281 4234 ἀλλ’
1303 4174 1317 4236 o‘
1338 4177 1450 4260 Καῖσαρ
1471 4166 1552 4245 μένος

229 4274 298 4338 ariri
323 4271 477 4363 προείδετο
504 4285 651 4356 indicant,
683 4303 743 4343 non
769 4290 830 4342 tarn
859 4282 1037 4362 peculiarem
1065 4281 1101 4340 de
1131 4277 1243 4339 Crasso
1270 4277 1443 4338 memoriam
1471 4277 1551 4354 apud

230 4585 254 4622 a.
267 4573 329 4623 Chr.
352 4588 380 4624 ss
404 4574 532 4638 accepisse
552 4573 620 4623 dicat
643 4571 774 4634 <,meminr'
790 4571 854 4622 enim
871 4569 933 4620 mili
949 4585 1057 4620 namara
1075 4565 1232 4628 Mucinm“),
1257 4567 1278 4616 si
1298 4581 1329 4616 eo
1348 4573 1463 4631 tempore
1480 4574 1552 4632 gesta

229 4669 304 4724 esset,
325 4679 376 4728 quo
394 4665 450 4729 ipss
468 4660 554 4726 (natus
568 4665 621 4714 140
633 4677 658 4713 a.
672 4661 744 4724 Chr.)
764 4663 921 4726 trigesimum
940 4662 1042 4710 tertium
1061 4660 1153 4710 aetatis
1173 4673 1268 4708 annum
1288 4665 1374 4722 agerat
1392 4665 1418 4708 et
1435 4659 1551 4708 tribunus

228 4753 311 4815 plebis
330 4757 413 4804 emet?
450 4755 548 4806 Contra
566 4756 588 4804 si
606 4769 648 4805 res
666 4755 694 4804 ln
711 4752 848 4819 pueritiam
865 4753 896 4802 1..
916 4751 1004 4802 Crassi
1022 4749 1125 4812 incidit,
1145 4749 1221 4800 facile
1239 4749 1397 4813 intelligitur,
1418 4764 1462 4798 cur
1480 4761 1550 4798 soce·

229 4857 285 4892 rum
305 4851 436 4894 auctorem
454 4847 578 4896 nominet.

306 4931 331 4994 ¹)
357 4934 499 4985 Flaminini
524 4935 611 4985 titulus
630 4933 720 4998 Gythii
743 4933 861 4984 inventas
880 4931 910 4983 C.
929 4933 951 4982 Ι.
970 4931 1016 4983 Gr.
1037 4931 1116 4982 1321.
1153 4929 1196 4981 De
1220 4929 1311 4980 catena
1335 4929 1368 4978 ci.
1392 4928 1500 4978 Hamas
1512 4927 1552 4976 VI

229 5037 254 5086 p.
266 5024 327 5073 140.
342 5024 405 5075 159.
432 5025 474 5074 lin
487 5025 587 5076 Luculli
606 5025 687 5075 titulis
706 5031 774 5075 certe
787 5039 853 5074 nnus
872 5013 946 5087 (Έῲ.
959 5023 1019 5083 192,
1033 5021 1153 5086 Hypatis)
1172 5021 1206 5071 ad
1223 5020 1273 5070 hoc
1291 5026 1390 5082 tempus
1402 5015 1552 5068 referendus

229 5119 280 5174 est,
307 5129 385 5178 quum
410 5116 447 5184 in·
461 5130 493 5164 eo
517 5122 637 5180 quaestor
659 5115 767 5166 dicatur.
804 5113 892 5175 (Quas
915 5128 957 5165 res
979 5114 1006 5164 in
1025 5113 1074 5164 hoc
1093 5113 1243 5178 magistratu
1262 5107 1418 5162 inGraecia
1434 5106 1550 5173 gesserit,

229 5203 288 5253 vide
306 5204 375 5269 apud
393 5205 582 5268 Drumannum,
602 5207 669 5256 Hist.
688 5205 763 5257 Rom.
783 5205 823 5256 1v
841 5221 867 5270 p.
882 5204 953 5263 121.)
