3826 5962
474 651 522 703 ne
540 647 719 702 uouemus
736 648 784 699 nn
802 644 1072 728 sncnnnorravs
1089 645 1193 700 reor.
1418 631 1491 704 213
1612 643 1614 648 ’

167 751 321 764 a—-n—

166 824 367 886 Constantino
395 821 485 881 etiem
513 837 625 886 novum
649 839 705 898 per
731 819 863 896 Africam
890 819 1077 879 socerdou'um
1104 821 1245 880 decretum
1269 821 1394 882 Mariae
1419 829 1496 900 paud

165 937 211 986 est
232 925 349 1001 (Aurei.
366 922 444 983 vice
469 921 506 980 de
528 919 617 982 Caes.
641 921 691 994 40,
707 919 772 996 28),
793 920 996 998 habemasque
1018 920 1134 980 titulum
1157 921 1243 982 Festi
1257 922 1403 1001 Hymetti,
1425 943 1493 1001 pro-

165 1026 296 1086 consulis
318 1024 440 1084 Africae
462 1024 543 1083 circa
563 1042 590 1082 a.
607 1021 684 1096 868,
710 1023 757 1080 661
781 1021 865 1080 laudi
887 1021 983 1095 datur,
1009 1023 1087 1098 quod
1106 1023 1231 1083 studium
1252 1027 1407 1085 accederit
1422 1043 1494 1102 pro·

165 1131 276 1186 6166166
302 1129 472 1195 restituerit,
501 1135 533 1184 ut
560 1143 635 1184 uano
662 1143 681 1182 a
709 1122 927 1200 conpetitoribus
949 1124 1112 1200 adpetuntr,
1139 1126 1216 1201 quod
1242 1135 1326 1185 autea
1340 1129 1494 1204 formidini

124 1240 128 1254 ⁸
161 1230 252 1302 ,61661
274 1225 534 1304 (1·1666666904).

250 1328 327 1388 Item
348 1325 514 1386 antmun
536 1326 708 1403 provinciae
722 1326 830 1400 flames
850 1331 898 1384 est
919 1327 949 1383 in
971 1326 1061 1385 inscr.
1083 1324 1233 1386 Anuaoire
1254 1328 1289 1386 de
1314 1327 1495 1389 Constantine

172 1427 248 1488 1861
271 1447 301 1505 p.
317 1427 377 1487 237
400 1447 429 1485 n.
446 1428 474 1486 7.

252 1527 391 1605 Denique
413 1527 616 1586 Mauretaniae
631 1529 800 1603 procinaae
813 1528 919 1602 flamen
941 1526 1052 1587 Renier
1067 1527 1158 1588 5915.

252 1627 302 1687 21.
346 1627 504 1688 Postremo
526 1627 639 1688 Ιτιιιι
665 1644 784 1704 quoque
810 1628 841 1685 in
867 1627 1037 1703 provincias
1064 1627 1163 1688 divisa
1188 1630 1276 1688 etiam
1299 1631 1405 1690 harum
1427 1650 1496 1709 pro·

168 1729 331 1788 vinclorum
353 1728 523 1788 sacerdotes
545 1729 742 1807 reperiuntur,
763 1726 868 1804 quales
890 1736 959 1786 sunt

210 1831 345 1904 66666661
367 1829 550 1906 (pruciaco
574 1827 764 1906 Campaniae)
787 1846 814 1886 e.
831 1826 890 1886 687
914 1827 1052 1904 (Henaen
1074 1849 1102 1888 n.
1119 1828 1215 1906 6112)

207 1941 326 2007 praetor
346 1909 646 2007 Etrurice'fflenaen
667 1950 697 1988 ιι.
713 1929 810 2005 6497)

207 2041 327 2107 praetor
340 2030 478 2090 8666166
500 2031 569 2091 XV
579 2030 755 2107 populorum
777 2027 889 2104 (Orelli
910 2048 939 2088 ιι.
956 2028 1004 2089 96.
1022 2029 1070 2089 97.
1086 2029 1182 2102 3149;
1204 2030 1329 2092 Henzen
1352 2054 1380 2094 n.
1398 2035 1494 2115 6183)

211 2135 323 2192 iuratus
344 2133 385 2190 ad
404 2151 491 2192 soora
512 2131 650 2190 1366666
672 2129 782 2208 (Orelli
804 2148 834 2189 n.
849 2127 945 2206 2182)

214 2233 360 2305 sacerdos,
383 2251 462 2309 6666
483 2234 685 2292 anniuerraria
706 2235 763 2291 uice
789 2229 908 2290 Umbrio
930 2232 1007 2291 dedit
1027 2229 1168 2308 (Henaen
1188 2253 1217 2292 n.
1234 2235 1330 2313 5580)

210 2343 362 2392 eoronam
388 2333 506 2392 ituriae
527 2342 553 2390 et
580 2331 713 2391 Umbriae
734 2331 916 2407 (Mommsen
938 2333 997 2390 An.
1020 2349 1067 2408 ep.
1090 2334 1154 2392 mii
1177 2354 1206 2411 p.
1222 2335 1298 2412 214)

168 2434 205 2494 de
227 2434 337 2510 quibus
359 2434 496 2494 omuibus
520 2452 579 2492 non
601 2441 649 2492 est
669 2433 751 2509 quod
768 2439 838 2509 post
851 2432 1069 2492 Mommscnum
1084 2434 1143 2492 An.
1159 2453 1205 2512 ep.
1228 2455 1257 2494 n.
1274 2434 1336 2495 8.9
1359 2438 1495 2516 pluribus

170 2535 367 2614 disputemus.

731 2651 935 2664 nnn-*-

253 2845 337 2906 Haeo
357 2845 459 2916 habui,
481 2863 558 2922 quae
581 2815 767 2904 de'eonciliis
782 2843 1001 2919 prouinciarum
1017 2841 1154 2903 afferrem
1170 2846 1349 2920 testimonia,
1372 2849 1496 2925 quibus-

170 2965 236 3005 oum
258 2947 311 3022 qui
330 2947 521 3005 coniunxerit
541 2963 593 3017 ea,
617 2963 695 3021 quae
717 2943 923 3004 Gothoiredus
944 2944 975 3002 in
997 2945 1148 3020 paratitlis
1170 2943 1246 3005 cot.
1267 2947 1446 3022 Τ1ι.12,12
1468 2963 1498 3010 et

173 3045 221 3120 16,
240 3046 277 3105 10
299 3057 329 3105 et
350 3046 402 3122 qui
422 3045 508 3104 illum
524 3052 714 3118 secutarem,
737 3043 866 3104 Carolus
882 3044 973 3103 Menn
991 3027 1067 3104 Uber
1080 3046 1125 3104 die
1139 3046 1306 3107 Rimtcciten
1319 3049 1498 3110 Prouincial-

170 3147 333 3224 Laudtape.
372 3143 450 3205 Kilu
476 3147 536 3206 and
556 3147 650 3221 Neass
675 3143 764 3206 1852.
793 3147 813 3204 4
842 3145 1044 3222 collegerunt,
1071 3145 1225 3223 aliquanto
1254 3149 1379 3224 certius,
1407 3170 1497 3228 quum

169 3257 259 3308 antea
280 3249 391 3307 factum
414 3257 475 3320 est,
496 3247 533 3306 de
555 3249 636 3306 omni
658 3248 714 3307 hac
735 3247 912 3323 quaestione
932 3246 1084 3306 iudicabit.
1127 3247 1269 3326 Inprimis
1292 3270 1370 3312 nuno
1392 3253 1498 3331 explo-

170 3357 269 3410 ratum
289 3367 357 3409 esse
378 3348 497 3409 ridetur

256 3450 287 3527 1)
314 3450 443 3510 eoncilia
470 3450 602 3526 gentium
630 3468 691 3509 nou
714 3449 894 3508 Diocletiani
923 3458 974 3508 aut
996 3445 1185 3508 Constantini
1212 3459 1308 3509 aetate
1336 3463 1418 3526 orta,
1446 3457 1498 3516 aad

170 3553 231 3611 alia
251 3570 319 3612 ease
341 3551 511 3628 antiquiora
532 3550 696 3626 provincia,
717 3549 779 3609 alia
800 3550 856 3610 sub
877 3550 982 3626 primis
1004 3550 1232 3628 imperatoribus
1255 3553 1418 3628 exstitisse,
1440 3556 1499 3616 alia

170 3650 350 3728 procedente
375 3661 510 3727 tempore
538 3651 569 3708 in
590 3650 769 3727 provinciis,
796 3668 874 3726 quac
896 3651 1036 3727 deinceps
1057 3651 1182 3728 imperio
1203 3650 1342 3713 Romano
1364 3673 1498 3718 accesse-

174 3761 243 3810 runt
264 3769 331 3810 esse
352 3750 498 3810 instituta.

257 3851 291 3927 2)
320 3850 359 3908 ad
385 3849 543 3908 concilium
568 3850 679 3910 missos
701 3868 767 3912 esee
788 3873 807 3911 a
827 3853 918 3912 certis
939 3850 1111 3929 provinciae
1133 3851 1225 3910 totius
1246 3853 1418 3912 civitatibus
1439 3875 1499 3914 nou

174 3953 309 4012 flamines
331 3951 536 4027 municipales,
558 3950 612 4010 sed
633 3951 748 4028 legatos
771 3954 835 4012 sive
857 3940 1006 4034 συνέδρους
1026 3951 1089 4011 sire
1102 3941 1318 4019 κοινοβούλους,
1339 3951 1499 4028 dequibus

172 4073 201 4113 v.
217 4051 423 4129 Waddington
444 4051 482 4110 ad
504 4071 532 4111 n.
548 4049 638 4124 1115,
660 4053 699 4110 ab
720 4052 818 4129 iisque
841 4059 972 4111 creatum
995 4067 1063 4111 esse
1085 4051 1270 4110 sacerdotem
1291 4053 1472 4130 provinciae.

258 4155 291 4231 a)
325 4151 515 4215 Sacerdotem
541 4153 714 4230 provinciae
741 4172 832 4212 unum
857 4153 952 4212 fuisso
978 4153 1131 4228 crearique
1158 4150 1369 4228 solitumesse
1391 4155 1500 4225 exiis,

172 4258 223 4334 qni
251 4265 304 4316 aut
330 4256 361 4314 in
389 4273 444 4314 sua
468 4255 588 4313 civitate
616 4254 754 4313 omnibus
776 4253 940 4313 honoribus
961 4253 1055 4311 iuncti
1076 4260 1179 4310 essent
1199 4257 1252 4310 aut
1272 4252 1311 4314 ad
1332 4265 1500 4330 equestrem

172 4359 348 4435 dignitatem
373 4356 590 4434 pervenissent.
635 4353 686 4431 (V.
714 4363 831 4430 praeter
856 4354 1029 4413 testimonia
1050 4369 1144 4429 supra
1164 4352 1257 4411 allata
1279 4351 1499 4426 cod.Th.1t‚

174 4460 201 4531 1,
219 4457 256 4516 77
280 4470 310 4516 et
336 4459 488 4534 egregiam
509 4454 664 4514 linebneri
690 4453 924 4532 disputationem
949 4454 982 4512 11
1003 4471 1031 4529 p.
1048 4453 1133 4529 541).
1175 4451 1244 4512 Huc
1270 4455 1400 4531 pertinet
1425 4454 1500 4517 Cod.

174 4555 233 4615 Th.
252 4556 303 4628 12,
322 4557 443 4630 1,148:
474 4557 543 4616 Crem
568 4572 655 4631 super
680 4555 841 4613 ordinando
869 4555 1014 4613 caradote
1035 4556 1203 4628 prouinciae
1219 4555 1353 4630 publicae
1375 4568 1447 4616 ercet
1466 4576 1500 4617 ea

174 4673 251 4715 mora
276 4667 429 4728 66616166,
455 4658 530 4716 idem
555 4665 654 4714 nocua
679 4658 846 4713 commitata
868 4655 1006 4713 decretam
1027 4663 1082 4726 est,
1109 4662 1143 4711 ut
1161 4654 1203 4712 od
1222 4653 1367 4715 rotundo
1383 4661 1505 4732 patriae

174 4773 295 4815 munera
316 4757 479 4831 dipuiseimt'
501 4767 527 4816 et
546 4759 654 4815 meritis
676 4764 703 4813 et
717 4755 909 4830 facultatibus
931 4753 1087 4830 elipantum
1110 4760 1140 4812 ot
1160 4753 1249 4812 Pauli
1270 4752 1354 4816 Sunt.
1377 4755 1407 4829 5,
1421 4757 1500 4815 3οω

176 4855 325 4915 Petiturus
345 4861 546 4931 moptetratam
565 4855 612 4915 uei
627 4858 794 4932 provinciae
815 4855 1004 4914 sacerdotium
1025 4858 1051 4913 ei
1073 4855 1182 4914 turbam
1198 4855 1400 4932 uqffrcpioram
1415 4873 1503 4915 cauea

174 4956 348 5026 coadunavit,
369 4973 466 5015 seruos
486 4957 675 5026 6666666661,
698 4954 820 5014 aliamue
841 4973 927 5031 quom
942 4955 1147 5014 multudinem
1162 4956 1336 5025 conticuerit,
1359 4959 1501 5016 66661661

175 5067 208 5116 ut
226 5061 271 5117 eia
287 5055 423 5134 puttam
440 5071 509 5114 me
527 5059 561 5114 ia
580 5056 706 5116 insulam
726 5056 903 5132 deportatur.

260 5157 294 5234 4)
322 5155 494 5218 Concilium
515 5157 677 5232 quotannis
697 5155 831 5215 habitum
848 5173 917 5216 esse
931 5155 1175 5233 sacerdotemque
1188 5156 1360 5233 provinciae
1373 5174 1503 5215 annuum

177 5256 272 5316 161666
294 5259 354 5318 iam
377 5267 467 5319 antea
481 5257 644 5319 versimile
664 5255 769 5318 haberi
789 5258 896 5336 potuit,
918 5257 1046 5336 primum
1068 5257 1158 5336 quod,
1180 5257 1232 5334 qai
1253 5256 1422 5318 sacerdotes
1445 5274 1505 5316 non
