3750 5990
447 643 521 718 246
818 717 821 726 Δ
967 645 1247 702 umerumque

448 743 1773 776 .....----—--—-—-—----——--

447 835 598 895 invenitur
625 837 695 886 ante
726 823 886 902 Elagabali
912 831 1029 900 tempus
1058 819 1187 896 (Eckhel
1209 818 1248 878 D.
1271 816 1311 877 N.
1339 817 1386 876 Ill
1410 835 1441 894 p.
1469 817 1556 894 375).
1607 815 1668 878 Sed
1696 827 1772 876 erret

449 938 476 996 si
494 935 563 1012 quis
582 931 661 989 dicat
679 937 838 1005 propterea
852 923 970 982 titulum
991 929 1127 980 nostrum
1151 937 1243 996 usque
1266 918 1305 977 ad
1326 919 1401 977 illud
1415 928 1535 995 tempus
1557 918 1771 978 detrudendum

449 1053 525 1096 esse.
567 1030 648 1091 Num
675 1029 734 1086 hoc
757 1025 935 1085 vocabulum
962 1041 1030 1081 eum
1057 1022 1089 1080 in
1114 1021 1242 1080 nummis
1268 1037 1329 1078 non
1356 1028 1417 1092 est,
1448 1028 1608 1096 propterea
1635 1037 1698 1078 non
1724 1039 1771 1077 ne·

449 1133 581 1196 cessario
608 1128 757 1205 sequitur,
777 1125 832 1184 illo
856 1137 990 1200 tempore
1012 1122 1113 1180 urbem
1140 1139 1176 1179 eo
1203 1120 1334 1179 noudum
1355 1117 1523 1196 praeditam
1542 1120 1647 1178 fuisse.
1686 1117 1770 1192 Quod

450 1237 528 1295 alius
551 1232 634 1291 urbis
655 1227 795 1303 exemplo
816 1225 1038 1302 comprobatur.
1083 1221 1183 1296 Quum
1205 1220 1337 1279 enimin
1365 1220 1431 1279 basi
1453 1219 1605 1296 statuae¹)
1627 1219 1771 1279 Hadriani

448 1338 487 1397 ab
511 1327 748 1396 Laodicensibus
769 1325 898 1384 Athenis
924 1325 956 1383 iu
983 1323 1144 1400 Olympico
1172 1323 1241 1380 rivo
1268 1321 1421 1380 etiamtum
1448 1321 1629 1397 imperatore
1656 1330 1769 1380 erectae

449 1440 594 1514 scriplum
619 1431 660 1492 sit
687 1427 704 1499 ἦ
731 1418 813 1488 πόλις
836 1414 972 1482 Ἰουλιὲων
997 1423 1053 1480 τῶν
1079 1413 1127 1480 καὶ
1148 1411 1307 1480 Ααοδικῖων
1332 1415 1402 1504 apic
1422 1412 1604 1498 SuA[u']u·uq,
1625 1424 1678 1492 τῆς
1698 1421 1770 1504 ἱερᾶς

448 1530 497 1598 καὶ
512 1526 621 1594 ἀσύλου
637 1520 684 1588 aui
699 1519 852 1594 αὐτονόμου
876 1516 1112 1606 ναυαρχίδος,
1135 1524 1192 1581 hoc
1208 1522 1386 1580 vocabulum
1404 1521 1435 1580 in
1452 1522 1581 1581 nummis
1595 1521 1768 1592 Laodiceae,

448 1641 502 1717 qui
523 1639 644 1695 exstant
671 1631 709 1689 ab
731 1627 863 1705 Augusti
883 1633 1018 1700 tempore
1045 1623 1201 1699 usquead
1223 1621 1420 1710 Caracallum,
1441 1639 1589 1698 nusquam
1612 1629 1767 1700 comparet,

447 1743 492 1800 ita
516 1747 549 1796 ut
568 1731 731 1794 Eckhelius
757 1728 803 1785 1v
823 1745 852 1803 p.
874 1726 934 1785 309
957 1744 994 1784 ne
1016 1733 1225 1784 commemoret
1245 1723 1365 1799 quidem
1386 1722 1566 1782 Laodiceam
1586 1723 1668 1783 inter
1688 1724 1768 1782 urbes

448 1835 658 1903 nauarchidas.
694 1831 801 1905 Itaque
822 1827 911 1885 etiam
933 1825 1068 1902 Tripolis
1090 1825 1249 1902 quominus
1271 1842 1308 1882 eo
1330 1824 1424 1882 multo
1446 1833 1514 1883 ante
1535 1842 1592 1883 usu
1613 1825 1665 1896 sit,
1686 1843 1768 1902 quam

447 1945 479 2002 iu
493 1937 622 2000 nummis
635 1931 797 2000 invenitur,
811 1927 887 1986 nihil
901 1927 1033 2002 impedit.
1065 1928 1109 1983 At
1122 1925 1153 1982 id
1167 1933 1246 1982 certe
1260 1924 1359 1982 dicere
1373 1923 1485 1996 licebit,
1506 1925 1627 1983 titulum
1641 1926 1766 1984 Atticum

449 2040 647 2115 antiquiorem
666 2049 736 2090 esse
762 2047 824 2087 nou
844 2043 936 2104 posse
962 2027 1001 2084 iis
1027 2025 1225 2102 temporibus,
1251 2023 1360 2100 quihus
1388 2024 1452 2083 eius
1478 2026 1616 2084 vocabuli
1644 2026 1766 2102 primum

449 2140 571 2201 omnino
584 2132 743 2207 uestigium
757 2129 896 2188 cernitur.
921 2128 1028 2202 -Atque
1046 2125 1179 2183 omnium
1194 2124 1291 2200 prima
1305 2121 1401 2184 Sidon
1415 2125 1582 2184 Phoenices
1597 2145 1669 2185 eum
1682 2128 1765 2185 hono·

448 2260 511 2302 rem
526 2237 636 2311 adepta
649 2247 717 2290 esse
731 2229 858 2301 videtur,
878 2229 910 2285 in
924 2228 1010 2285 cuius
1025 2227 1154 2284 nummis
1169 2226 1229 2282 iam
1243 2233 1493 2284 commemoratur
1506 2244 1586 2284 anno
1601 2226 1640 2286 85
1657 2245 1689 2302 p.
1704 2225 1764 2286 Chr.

448 2343 614 2418 imperante
635 2329 809 2392 Domitiano
830 2327 960 2402 (Eckhel
981 2327 1031 2385 ΙΙΙ
1051 2347 1081 2404 p.
1097 2324 1183 2400 368).
1226 2324 1263 2382 In
1284 2325 1352 2384 aliis
1374 2326 1545 2385 civitatibus
1567 2327 1606 2385 ab
1627 2317 1765 2386 Hadriani

447 2439 617 2522 principatu
629 2430 742 2508 incipit.
763 2427 865 2502 Quare
880 2427 968 2486 etiam
983 2427 1057 2485 haec
1071 2444 1119 2484 res
1132 2443 1167 2482 eo
1182 2425 1275 2496 ducit,
1289 2433 1322 2484 ut
1336 2425 1454 2484 titulum
1469 2427 1602 2486 Atticum
1617 2427 1765 2488 Hadriano

448 2561 507 2604 non
531 2535 728 2612 antiquiorem
749 2529 925 2589 iudicemus.
968 2527 1018 2585 Ex
1042 2527 1135 2585 altera
1155 2535 1240 2602 parte
1260 2527 1342 2602 quod
1363 2535 1433 2585 ante
1453 2536 1569 2605 tempus
1591 2529 1764 2607 compositus

449 2646 489 2705 sit
508 2638 626 2700 deliniri
654 2651 715 2692 non
735 2637 844 2708 potest.
889 2627 953 2686 Iam
975 2627 1011 2686 de
1032 2627 1165 2686 Aemilio
1186 2627 1280 2685 Iunco
1301 2625 1465 2686 videamus.
1510 2626 1612 2702 Quum
1631 2630 1665 2688 in
1687 2631 1764 2689 titulo

449 2739 637 2820 amplissimo
666 2751 726 2792 non
752 2741 785 2790 ut
816 2731 848 2787 in
873 2729 941 2787 aliis
968 2728 1031 2786 eius
1060 2727 1169 2792 aetatis
1196 2743 1299 2785 omnes
1319 2727 1448 2786 honores
1470 2740 1694 2802 recenseantur,
1720 2729 1764 2789 sed

449 2863 541 2902 unum
561 2836 653 2914 legati
677 2837 754 2910 Aug.
778 2849 833 2906 pro
859 2833 998 2905 praetore
1026 2827 1154 2886 officium
1183 2835 1445 2900 commemoretur,
1465 2847 1507 2896 eo
1522 2830 1602 2906 'ipso
1628 2840 1764 2909 tempore,

449 2961 508 3022 quo
529 2943 556 2999 is
577 2941 634 2997 hoc
655 2951 776 2994 munere
796 2929 976 3010 fungebatur
996 2929 1180 3004 compositus
1203 2928 1243 2985 sit
1262 2945 1387 2986 necesse
1408 2935 1464 2988 est.
1504 2931 1599 3006 Atqui
1621 2933 1764 3007 quomodo

447 3046 559 3105 iactum
586 3048 632 3098 est
659 3044 693 3093 ut
719 3043 782 3090 tum
804 3029 932 3088 Athenis
957 3029 1133 3104 erigeretur,
1161 3046 1341 3105 quamquam
1362 3046 1459 3104 neque
1484 3031 1521 3088 ab
1542 3031 1763 3091 Atheniensium

448 3145 569 3204 civitate
590 3153 688 3212 neque
709 3131 857 3209 aprivato
872 3128 991 3187 homine
1005 3129 1190 3200 Atheniensi,
1213 3129 1266 3186 sed
1288 3146 1307 3188 a
1320 3128 1518 3205 Tripolitanis
1533 3129 1701 3192 Phoenices
1718 3151 1764 3209 po·

450 3245 525 3303 situs
546 3235 611 3296 esti
642 3233 726 3290 Inter
740 3229 904 3306 permultos
926 3230 1004 3286 enim
1020 3229 1123 3287 titides
1137 3229 1315 3287 honorarius
1337 3231 1478 3305 perpauci
1500 3239 1571 3288 suut
1584 3233 1711 3293 Athenis
1732 3234 1764 3290 ab

449 3342 517 3402 aliis
539 3333 710 3396 civitatibus
731 3329 837 3408 positi,
865 3329 892 3386 si
913 3329 1067 3403 exceperis
1089 3337 1203 3388 statues
1228 3331 1258 3386 iu
1280 3329 1426 3388 Hadriani
1447 3331 1592 3390 honorem
1613 3333 1644 3391 in
1668 3334 1763 3411 Olym·

449 3445 517 3520 pieo
539 3439 577 3498 ab
600 3453 635 3496 eo
657 3431 812 3492 aedificato
834 3427 960 3503 positas,
983 3445 1058 3502 quas
1080 3429 1137 3486 huc
1159 3447 1217 3486 non
1233 3430 1380 3506 pertinere
1403 3431 1592 3492 manifestum
1615 3443 1671 3493 est.
1704 3434 1763 3492 Pri·

447 3553 585 3603 vatorum
606 3536 697 3610 igitur
714 3532 788 3588 duas
811 3527 957 3586 eiusmodi
977 3529 1187 3605 inscriptiones
1202 3530 1282 3601 novi,
1301 3526 1368 3607 Ἐφ.
1384 3527 1456 3611 ἆρχ.
1474 3533 1553 3592 3363
1576 3553 1596 3593 a
1610 3532 1764 3611 Gythealis

450 3647 481 3703 in
501 3643 647 3698 honorem
668 3632 716 3690 Ti.
738 3628 859 3688 Claudii
876 3628 968 3686 Attici
990 3630 1128 3704 positam,
1150 3639 1180 3687 et
1199 3625 1266 3705 Ἐφ.
1282 3625 1354 3712 ἆρχ.
1378 3633 1458 3692 3765
1481 3631 1522 3707 (v.
1539 3651 1631 3710 supra
1651 3655 1681 3712 p.
1700 3637 1764 3711 151)

447 3741 500 3803 ubi
525 3752 680 3798 commune
707 3731 909 3789 Phocensium
935 3729 1131 3788 Locrensium
1155 3729 1349 3789 Doriensium
1370 3731 1576 3792 Euboensinm
1601 3755 1638 3794 eo
1660 3737 1765 3796 honore

449 3842 540 3905 afficit
560 3839 602 3898 M.
622 3833 743 3894 Iunium
764 3830 903 3893 Silanum
927 3848 981 3905 pro
1007 3840 1174 3906 quaestore.
1218 3827 1354 3903 Quorum
1376 3834 1583 3909 exemplorum
1604 3837 1690 3913 prius
1710 3855 1764 3894 ma·

446 3945 556 4005 nisesto
582 3937 652 3998 inde
678 3931 887 4011 explicandum
914 3940 974 4003 est,
1001 3930 1083 4006 quod
1103 3931 1221 3989 Atticus
1248 3931 1315 4003 ille,
1342 3931 1477 3993 Herodis
1499 3935 1593 3994 Attici
1619 3945 1714 4013 pater,
1739 3943 1765 3993 et

447 4046 562 4122 origiue
577 4035 769 4099 Atheniensis
791 4040 855 4091 erat
876 4040 906 4089 ct
926 4032 1055 4089 Athenis
1076 4049 1216 4108 magnam
1231 4041 1346 4107 partem
1367 4033 1446 4090 ritae
1467 4034 1603 4112 degebat.
1635 4037 1765 4098 Alterum

447 4153 546 4208 autem
566 4161 602 4200 eo
624 4137 762 4214 pertinet,
786 4131 866 4208 quod
888 4129 1007 4192 Silanus
1025 4129 1236 4209 ¹magistratum
1256 4141 1380 4209 propter
1400 4151 1488 4209 quern
1508 4137 1622 4194 honore
1643 4139 1767 4196 afficitur

446 4249 480 4308 in
502 4242 632 4304 Graecia
658 4245 794 4315 gesserat
818 4235 944 4308 ideoque
969 4232 1113 4304 Athenis,
1141 4233 1173 4290 in
1197 4232 1389 4292 celeberrima
1414 4242 1502 4312 atque
1530 4236 1767 4314 splendidissima

449 4345 596 4407 Graeciae
616 4340 690 4398 urbe
711 4345 812 4397 statua
831 4333 963 4408 erigitur.
1007 4335 1107 4408 Atque
1129 4333 1202 4391 haec
1223 4334 1301 4392 ratio
1321 4335 1408 4394 unica
1430 4345 1487 4409 est,
1518 4339 1646 4413 quaein
1669 4337 1766 4398 Aemi·

447 4447 523 4504 lium
544 4443 669 4500 Iuncum
695 4435 837 4511 quadret3
865 4433 967 4508 itaque
991 4453 1058 4490 eum
1086 4441 1246 4510 propterea
1266 4435 1393 4494 Athenis
1415 4446 1467 4494 aut
1488 4445 1567 4510 certa
1588 4438 1620 4496 in
1642 4436 1766 4498 Graecia

448 4559 570 4602 munere
598 4535 690 4612 legati
711 4537 845 4594 iunctum
872 4537 939 4592 esse
965 4534 1127 4610 putandum
1154 4547 1208 4593 est.
1251 4533 1312 4596 seu
1338 4535 1410 4612 quid
1435 4535 1536 4614 legato
1557 4539 1691 4615 Augusti
1716 4553 1766 4615 pro

449 4649 587 4722 praetore
608 4655 676 4696 cum
697 4634 814 4694 Achaia
833 4635 990 4710 provincia
1010 4633 1180 4692 senatoria?
1212 4633 1261 4694 Ne
1286 4636 1318 4694 id
1343 4637 1462 4712 quidem
1483 4636 1607 4698 difficile
1628 4648 1676 4697 est
1695 4639 1767 4697 diiu-

448 4745 557 4804 dicatu.
594 4737 670 4797 Inde
691 4737 728 4794 ab
744 4734 869 4793 Traiani
891 4735 969 4794 enim
990 4735 1175 4810 temporibus
1196 4735 1228 4794 in
1248 4738 1421 4812 provincias
1444 4739 1675 4813 proconsulares
1697 4757 1767 4798 non·

447 4845 546 4910 nullas
568 4841 645 4902 mitti
672 4835 809 4897 solebant
835 4837 872 4894 ab
900 4835 1129 4912 imperatoribus
1153 4835 1246 4914 legati
1267 4855 1322 4914 pro
1343 4847 1480 4914 praetore
1503 4839 1541 4898 ad
1560 4841 1766 4918 corrigendum

445 5037 649 5049 .-----

522 5161 545 5222 ¹)
569 5161 714 5212 Edldernnt
732 5159 833 5209 titulum
851 5156 1016 5222 Rhusopulos
1034 5149 1098 5228 Ἐχ.
1119 5149 1183 5228 ἆρχ.
1201 5174 1257 5226 usp.
1279 5150 1355 5224 hrip-
1378 5161 1420 5211 50.
1459 5161 1492 5213 U.
1512 5161 1618 5212 Henzeu
1637 5160 1766 5212 Bulletino

447 5247 506 5304 dell'
526 5253 645 5302 Instituto
667 5251 736 5302 1862
757 5267 782 5316 p.
804 5250 864 5311 135,
903 5250 1064 5299 Kumanudis
1084 5244 1216 5316 Φιλίστωρ
1236 5251 1272 5300 ΙΙ.
1292 5267 1317 5314 p.
1337 5251 1399 5301 432.
