3858 5960
391 530 439 602 92
953 546 1151 601 wnusuus

389 732 546 782 cneum-um
572 729 723 781 ratrusere.
766 720 940 779 Praefectus
967 717 1020 778 ille
1045 727 1093 778 est
1116 718 1293 778 Aufidianus
1314 718 1430 792 Rubra,
1458 723 1510 797 qui
1538 720 1627 780 modo
1648 739 1717 780 cum

390 822 557 882 vexillariis
575 819 734 898 Nauporto
755 820 786 879 in
808 830 909 880 casua
929 820 1067 878 redierat
1103 821 1180 880 Item
1199 819 1391 896 Mogontiaci,
1412 821 1464 881 ubi
1484 821 1562 881 duae
1582 823 1717 899 legiones

390 939 427 980 eo
448 932 582 998 tempore
603 928 704 980 castra
722 920 921 997 habebaut1),
948 941 1040 980 uuum
1061 927 1176 979 tautum
1197 921 1380 996 praefectum
1401 921 1498 981 fuisse
1519 941 1559 981 ex
1583 922 1718 982 eiusdem

390 1023 491 1082 Taciti
510 1022 610 1082 verbis
632 1022 777 1099 sequitur,
803 1022 856 1098 qui
880 1031 1025 1098 quantum
1046 1021 1173 1080 militum
1195 1021 1276 1099 apud
1294 1023 1481 1098 superiorem
1502 1023 1601 1082 Rheni
1621 1025 1718 1100 ripam

389 1124 495 1195 luerit,
521 1141 600 1183 auno
615 1123 655 1181 70
680 1125 800 1182 iurasse
824 1141 880 1200 pro
906 1122 1033 1199 imperio
1061 1119 1231 1181 Galliarum
1260 1129 1376 1194 narrat,
1410 1127 1512 1184 occisis
1539 1123 1720 1200 Mogontiaci

390 1225 524 1294 tribunis,
546 1224 634 1301 paleo
655 1235 812 1284 castrorum
828 1224 989 1298 prodacto,
1014 1225 1065 1298 qai
1084 1222 1307 1281 detrectaverunt
1328 1221 1372 1299 (ιι.
1388 1222 1453 1299 44).
1498 1223 1616 1284 Deinde
1636 1224 1718 1302 apud

390 1326 553 1400 scriptores
574 1323 735 1383 identidem
756 1323 900 1400 praelecti
922 1328 1201 1394 commemorantur,
1222 1323 1275 1398 qni
1296 1323 1404 1382 caenis
1425 1333 1583 1400 praesunt,
1605 1325 1716 1401 quibus

390 1443 428 1483 ne
448 1443 509 1484 una
528 1423 648 1500 quidem
669 1423 749 1502 legio
770 1424 860 1500 plena
879 1424 1015 1496 habetur,
1037 1425 1091 1482 sed
1112 1422 1321 1482 vexillationes
1342 1430 1458 1482 tantum
1473 1424 1561 1485 unius
1575 1425 1625 1484 vel
1638 1443 1718 1484 com·

389 1525 521 1603 plurium
548 1525 710 1603 legionum.
753 1522 847 1582 Velut
875 1520 975 1584 Siscia
1005 1509 1087 1583 bello
1115 1523 1288 1584 Delmatico
1319 1543 1347 1582 a
1367 1545 1395 1582 u.
1417 1524 1477 1584 719
1509 1524 1718 1602 expugnatai)

390 1627 549 1702 Angustus
574 1625 617 1683 ibi
642 1625 802 1684 collocarit
827 1624 966 1683 cohortes
988 1623 1095 1700 viginti
1120 1625 1254 1700 quinque
1275 1625 1383 1684 castris
1405 1624 1523 1684 stativis
1546 1622 1584 1686 ais
1603 1619 1717 1702 ταμιείῳ

391 1723 569 1808 χρησόμενοε
589 1723 618 1785 ἐς
638 1718 685 1782 riv
707 1725 811 1782 Anubin
831 1714 880 1782 nul
900 1726 1071 1807 Βαπαρνῶν
1091 1717 1223 1791 ardinnae,
1245 1713 1269 1782 oi
1288 1715 1375 1808 πὲραν
1395 1715 1464 1782 εἷο-ἲν
1487 1727 1541 1782 τοῦ
1556 1714 1717 1806 'ira-pass),

390 1826 519 1902 praefuit
538 1825 578 1885 ils
599 1844 679 1884 anno
695 1825 713 1884 8
728 1843 757 1900 p·
773 1823 810 1884 (l.
831 1823 883 1883 Μ’.
904 1825 1023 1884 Ennius
1044 1815 1231 1908 φρούραρχος
1252 1818 1373 1886 Stenius
1393 1825 1437 1901 (n.
1453 1827 1497 1903 3).
1533 1817 1717 1909 Φροῦραρχον

390 1944 410 1984 a
429 1927 531 1986 Dione
552 1925 654 1984 vocari
679 1925 863 2003 praefectum
884 1933 1062 1997 omtrorum,
1088 1925 1161 1984 mihi
1182 1925 1302 2002 quidem
1323 1926 1444 1985 dubium
1465 1935 1606 1999 nonest,
1634 1927 1717 1986 aliud

390 2027 471 2086 euim
491 2044 599 2086 munus
619 2026 749 2085 militare
769 2033 873 2084 uotum
893 2036 942 2086 εει
962 2026 1086 2097 ιιιιΙΙιιιιι,
1109 2025 1146 2084 de
1167 2043 1228 2102 quo
1248 2035 1329 2086 recte
1349 2026 1399 2086 hic
1420 2027 1547 2104 cogitari
1567 2027 1667 2108 possit
1686 2037 1718 2086 st

389 2128 439 2187 cni
464 2127 566 2204 aliquo
591 2126 682 2186 modo
706 2127 865 2186 conveniat
889 2117 1076 2209 φρουράρχου
1104 2145 1222 2186 nomen.
1264 2127 1350 2186 Idem
1375 2127 1423 2187 rir
1447 2128 1527 2188 haud
1551 2129 1596 2187 ita
1619 2129 1716 2188 multo

389 2235 564 2306 pestanus
589 2226 627 2284 14
655 2235 905 2286 commemoratur
931 2245 950 2286 a
975 2226 1100 2299 Tacito,
1128 2227 1179 2286 ubi
1206 2228 1377 2304 praelectus
1403 2237 1572 2287 castrorum
1598 2235 1717 2306 praeest

389 2327 557 2389 vexillariis
571 2326 755 2404 praesidium
769 2328 800 2386 in
814 2325 947 2387 Chaucis
962 2327 1145 2404 aglantibus
1159 2327 1324 2405 audacique
1338 2327 1466 2388 consilio
1480 2330 1624 2407 opprimit
1638 2329 1716 2390 sedi-

390 2429 501 2488 tionem
517 2427 563 2487 ibi
576 2446 696 2506 quoque
711 2427 882 2504 gliscentem
898 2425 940 2502 (ιι.
953 2427 997 2504 4).
1026 2427 1165 2504 Denique
1179 2429 1317 2488 hocloco
1334 2429 1513 2490 adferendos
1527 2438 1576 2490 est
1587 2431 1624 2490 L.
1641 2429 1716 2490 an-

389 2529 484 2589 dicius
506 2528 550 2605 (n.
567 2528 612 2605 5),
633 2529 686 2605 qui
705 2537 777 2606 post
796 2528 913 2588 cladem
923 2528 1087 2587 Varianam
1101 2529 1229 2588 Alisone
1250 2529 1394 2589 obsessus
1408 2549 1428 2589 a
1443 2529 1611 2603 Germanis,
1634 2531 1716 2590 ferro

390 2630 449 2690 sibi
470 2629 594 2706 suisque
615 2629 654 2687 ad
667 2629 806 2689 Rhenum
827 2629 955 2688 reditum
976 2629 1103 2707 apernit.
1140 2627 1248 2688 Certae
1268 2629 1396 2690 alicuius
1408 2631 1537 2709 legionis
1550 2631 1717 2708 praefectos

388 2737 558 2790 castrmnm
580 2736 724 2806 quattuor
743 2729 880 2788 nominat
900 2729 1024 2788 Tacitus
1045 2749 1074 2788 u.
1093 2731 1130 2788 15
1151 2729 1279 2806 legionis
1300 2731 1458 2802 secundae,
1480 2751 1509 2789 n.
1528 2732 1565 2790 ltl
1585 2731 1716 2808 legionis

389 2831 549 2908 septimae,
570 2849 601 2889 n.
617 2829 657 2888 20
678 2830 805 2908 legionis
826 2830 947 2902 tertiae,
967 2850 996 2890 ιι.
1012 2830 1053 2889 45
1074 2830 1201 2906 legionis
1223 2829 1369 2890 decimae:
1397 2841 1498 2891 tamen
1519 2831 1556 2890 ds
1577 2832 1715 2891 omnibus

389 2932 438 2991 his
464 2930 609 3007 exemplis
634 2938 765 3003 constat,
791 2931 823 2990 in
844 2931 951 2990 castris
972 2929 1035 2991 illis
1056 2937 1176 3006 praeter
1195 2931 1346 3010 legionem
1366 2949 1444 3007 quae
1465 2931 1551 2991 titulo
1573 2931 1714 3007 praefecti

388 3039 555 3092 castrorum
584 3029 704 3090 additur
729 3031 820 3090 aliam
849 3031 971 3091 stetisse
998 3029 1127 3102 nullam3
1156 3031 1238 3106 quod
1265 3031 1303 3091 de
1328 3031 1448 3110 legione
1473 3031 1504 3089 11
1533 3042 1563 3090 et
1588 3032 1620 3090 X
1648 3033 1714 3109 ipse

390 3139 515 3192 testatur
536 3130 676 3203 Tacitus,
702 3131 820 3190 tertiam
843 3133 963 3191 unicam
983 3131 1079 3190 fnisse
1099 3149 1135 3188 eo
1155 3131 1216 3189 iam
1237 3137 1372 3210 tempore
1392 3132 1424 3190 in
1445 3133 1550 3192 Africa
1569 3133 1715 3208 legionem

389 3239 493 3291 notum
514 3239 569 3300 est,
591 3232 749 3306 septimam
770 3231 899 3308 denique
920 3231 959 3290 ab
980 3229 1076 3290 altera
1094 3231 1213 3308 legione
1227 3231 1403 3290 Pannonica
1424 3233 1540 3291 decima
1560 3233 1648 3291 tertia
1668 3249 1715 3291 ee·

389 3341 496 3407 parata
515 3331 658 3390 habuisse
680 3331 798 3403 stativa,
820 3331 890 3390 inde
912 3331 1056 3408 sequitur,
1078 3331 1159 3408 quod
1180 3331 1260 3407 apud
1275 3331 1413 3391 Tacitum
1436 3331 1521 3407 (hist.
1537 3333 1568 3406 3,
1584 3333 1616 3409 1)
1637 3333 1715 3392 Ροε-

273 3425 274 3428 ’
390 3431 509 3490 ιοιίοιιε
530 3430 657 3508 legionis
678 3439 793 3490 tanturn
813 3431 892 3490 Xlll
913 3431 1037 3490 hiberna
1057 3432 1194 3490 citantur.

472 3534 610 3609 Apparet
633 3531 726 3608 igitur
752 3531 872 3590 saeculo
897 3542 978 3591 certe
997 3531 1093 3608 primo
1113 3533 1282 3610 praefectos
1303 3541 1469 3592 metrorum
1489 3551 1550 3590 non
1570 3541 1632 3592 tam
1653 3533 1715 3592 siu·

388 3631 468 3709 gulis
494 3631 664 3710 legionibus
690 3649 780 3708 quam
807 3631 937 3709 singulis
958 3635 1066 3693 castris
1086 3632 1217 3693 tributos
1238 3633 1346 3694 inisse:
1373 3633 1501 3710 singulis
1523 3633 1657 3705 stativis,
1683 3633 1715 3692 in

388 3732 499 3808 quibus
521 3733 595 3791 satis
617 3731 734 3809 amplus
754 3731 986 3809 legionariorum
1007 3751 1147 3794 numerus
1169 3733 1346 3805 habebatur,
1366 3733 1534 3811 praelectus
1555 3733 1593 3792 ab
1615 3733 1733 3809 Impe,

388 3841 487 3892 ratore
501 3831 546 3909 (n.
558 3832 592 3910 7)
613 3834 860 3909 praeponebatur,
881 3843 982 3894 utrum
1003 3843 1101 3894 antem
1122 3835 1224 3912 plures
1244 3834 1377 3910 legiones
1398 3834 1441 3893 ibi
1464 3841 1579 3893 starem
1599 3851 1639 3891 an
1653 3852 1715 3892 nna

388 3953 427 3992 an
453 3933 582 4010 denique
606 3933 759 3994 vexillarii
784 3942 898 3994 tanturn
925 3935 1044 4008 delecti,
1070 3935 1144 3993 nihil
1164 3935 1315 3994 intererat.
1356 3935 1464 4010 Itaque
1485 3941 1558 4011 quot
1577 3910 1729 4012 quaeque⁰

386 4034 541 4111 provincia
561 4043 662 4094 castra
681 4035 914 4113 legionariorum
935 4036 1051 4094 maiora
1071 4035 1185 4108 habuit,
1206 4044 1253 4094 tot
1272 4035 1337 4094 siue
1358 4034 1449 4093 dubio
1471 4034 1512 4092 ibi
1527 4042 1614 4093 erant
1626 4051 1713 4110 prae·

386 4134 456 4193 secti
483 4143 657 4194 castrorum.
701 4133 736 4197 Si
759 4135 879 4212 quando
903 4136 1007 4212 copiae
1028 4136 1225 4212 complurium
1247 4135 1424 4195 stativorum
1444 4134 1574 4194 totiusve
1594 4133 1713 4211 proriu-

385 4236 451 4294 ciae
475 4235 515 4292 ad
539 4235 652 4295 bellum
678 4235 800 4312 aliquod
824 4235 987 4312 gerendum
1015 4227 1275 4308 contrahebantur,
1300 4236 1476 4312 plerumque
1497 4251 1577 4292 unus
1598 4241 1714 4292 munim

386 4353 424 4392 ex
446 4333 604 4410 praelectis
626 4343 792 4394 castrorum
814 4353 881 4394 cum
902 4335 1037 4396 exercitu
1057 4337 1181 4410 exiisse,
1202 4337 1309 4413 reliqui
1329 4337 1362 4395 iu
1380 4335 1514 4395 hibernis
1530 4331 1714 4392 remansisse

385 4433 536 4504 videntum
561 4435 642 4509 quod
662 4435 741 4494 enim
762 4435 794 4494 iu
814 4453 898 4512 pace,
919 4435 999 4494 idem
1021 4437 1052 4495 iu
1073 4437 1153 4496 bello
1174 4437 1307 4496 ualuisse
1327 4453 1453 4496 necesse
1473 4441 1531 4506 est,
1552 4441 1587 4492 ut
1603 4433 1713 4520 iisdem

385 4531 492 4591 castris
517 4551 579 4591 nou
598 4533 701 4609 plures
723 4535 777 4595 sed
798 4553 877 4595 uuus
898 4546 1061 4613 praeesset.
1103 4538 1211 4614 Itaque
1225 4536 1361 4596 Velleius
1382 4535 1420 4594 de
1441 4534 1555 4612 proelio
1577 4535 1615 4592 ab
1638 4532 1714 4592 Cae·

383 4633 452 4690 eina
476 4638 507 4690 et
528 4629 652 4694 Silvano
679 4653 747 4697 cum
772 4636 904 4714 quinque
929 4637 1098 4716 legionibus
1125 4637 1386 4715 auxiliaribusque
1414 4635 1488 4697 satis
1510 4633 1612 4694 multis
1633 4651 1713 4694 com·

461 4971 485 5034 ¹)
512 4973 575 5024 Tac.
595 4972 654 5022 hist.
675 4975 700 5034 1,
716 4973 760 5024 bt.
780 4976 805 5035 4,
821 4977 856 5028 24
875 4981 924 5026 cet.

459 5060 484 5123 ²)
511 5063 565 5114 nro
584 5064 629 5124 ιε,
643 5063 687 5114 er.
701 5065 745 5115 ee.
765 5065 834 5131 epp.
854 5065 896 5116 ιιι.
917 5067 960 5116 aa.
976 5067 1020 5116 aa.

456 5149 482 5212 ⁸)
511 5153 552 5204 cf.
571 5154 665 5208 Strabo
680 5156 705 5218 ⁷,
720 5154 776 5216 5,2
795 5170 820 5219 p·
835 5157 929 5209 ³1³0.
948 5146 1032 5224 eripuit
1051 5145 1198 5226 s‘ppqrq'prer
1216 5156 1250 5222 τᾷ
1268 5135 1328 5225 apd:
1347 5145 1450 5213 Aeaeis
1469 5149 1582 5224 πολίμφ.
