3750 5990
374 537 448 610 284
947 550 1128 604 nouusmc

373 658 526 668 .----

331 711 336 809 i
374 747 414 788 ex
441 746 501 804 quo
523 725 629 786 Sicilia
650 725 794 784 Romanis
820 743 927 801 parere
948 725 1047 800 coepit
1068 732 1098 781 et
1118 723 1248 780 sortasse
1268 720 1320 778 diu
1341 729 1431 777 antea
1450 718 1488 776 iia
1511 717 1563 794 qui
1584 716 1728 776 tabulas

329 812 334 933 ¹¹
373 828 510 906 publicas
522 826 601 903 apud
613 827 668 884 hos
679 827 847 885 tractabant
861 825 900 882 ad
910 842 1017 882 manus
1030 825 1150 882 fuerunt
1164 821 1280 880 librarii
1298 820 1454 895 utriusque
1471 818 1593 896 linguae
1611 817 1727 896 periti,

328 945 332 1004 ι
374 929 485 1004 quibas
500 927 530 985 id
545 927 697 1001 negotium
711 939 791 985 recte
806 927 1049 984 committeretur.
1062 955 1101 967 -
1116 922 1190 981 Inde
1204 921 1382 999 explicatur,
1397 925 1431 977 ut
1445 919 1621 978 Foucartus
1640 937 1728 994 quo-

375 1047 433 1104 que
455 1037 524 1104 apte
539 1027 690 1101 exposuit,
712 1027 764 1102 qui
778 1026 889 1084 sactum
911 1027 961 1097 sit,
984 1037 1017 1082 ut
1038 1023 1183 1083 vocabula
1203 1021 1337 1099 legitima
1356 1020 1432 1078 iuris
1449 1019 1563 1096 publici
1577 1019 1729 1078 Romani

378 1126 495 1187 Graece
517 1126 677 1184 reddantur
698 1127 729 1184 in
751 1127 923 1184 universum
946 1125 1047 1184 verbis
1069 1125 1139 1183 item
1161 1123 1251 1180 certis
1277 1129 1308 1180 et
1329 1121 1538 1192 sollemnibus,
1567 1138 1664 1191 cum,
1698 1119 1728 1177 si

375 1227 582 1303 interpretatio
619 1244 679 1285 non
718 1227 835 1302 publice
859 1226 990 1299 Romae,
1030 1225 1083 1283 sed
1111 1223 1192 1300 apud
1225 1221 1357 1282 Graecas
1393 1239 1443 1282 res
1480 1220 1623 1298 publicas
1664 1238 1726 1296 pro

377 1328 521 1405 cuiusque
543 1327 640 1386 lubitu
655 1328 735 1384 sacta
755 1339 844 1397 esset,
867 1328 989 1386 omnino
1008 1326 1086 1384 alias
1108 1325 1196 1382 aliter
1216 1343 1253 1382 ea
1271 1323 1420 1382 vertisset
1452 1320 1594 1396 Exempli
1620 1337 1727 1380 causa

377 1429 639 1488 senatusconsulta
660 1427 718 1486 duo
741 1425 856 1487 Graece
878 1427 989 1504 scripta
1009 1446 1036 1484 a
1053 1425 1112 1485 568
1134 1424 1172 1483 de
1185 1423 1316 1500 Delphis
1335 1435 1365 1481 et
1380 1422 1439 1481 676
1460 1421 1497 1480 de
1513 1419 1722 1497 Asclepiade,

376 1547 452 1604 quae
481 1530 549 1603 plus
571 1527 690 1602 saeculo
712 1527 839 1601 distant,
866 1527 985 1586 easdem
1005 1527 1094 1602 plane
1115 1525 1260 1584 formulas
1281 1525 1405 1594 habent,
1431 1532 1464 1580 ιιι
1486 1532 1600 1582 tamtus
1628 1533 1683 1579 est
1705 1516 1723 1587 ai

377 1618 554 1703 σύγκλητος,
583 1615 644 1703 quo¹
666 1628 811 1686 vocabulo
838 1627 955 1688 Graece
980 1627 1101 1686 comitia
1125 1625 1223 1703 magis
1250 1621 1510 1703 significatum),
1541 1632 1609 1682 aute
1641 1623 1720 1680 dieta

377 1722 428 1811 erpo*
454 1725 572 1809 ἡμερῶν,
605 1728 752 1786 scribendo
782 1730 938 1804 adsuerunt
965 1717 1133 1810 γραφομένῳ
1161 1726 1305 1808 παρῆσαν,
1338 1743 1471 1782 emaum
1497 1713 1582 1804 ἔδοξε
1611 1735 1647 1781 et
1677 1721 1722 1780 sic

378 1829 529 1904 deinceps,
551 1847 677 1904 quarum
692 1828 885 1886 formularum
901 1829 980 1886 aliae
993 1846 1098 1903 parum
1114 1825 1248 1886 Graecae
1264 1833 1343 1895 sunt,
1358 1823 1435 1882 aliae
1449 1823 1493 1882 ita
1507 1831 1718 1900 comparatae,

381 1937 413 1984 ut
439 1929 516 1987 idem
545 1929 647 1988 multis
670 1929 767 1986 modis
789 1928 916 1986 dirersis
938 1947 999 1987 non
1019 1928 1117 1986 minus
1138 1935 1206 2002 apte
1234 1924 1382 1982 enuntiari
1403 1925 1541 2000 potuerit.
1586 1919 1721 1982 Scilicet

378 2045 444 2084 cum
468 2047 487 2083 a
510 2027 644 2086 Graecae
666 2030 787 2106 linguae
808 2029 1016 2100 communione
1035 2027 1164 2086 Romani
1185 2025 1336 2084 abstinere
1355 2025 1523 2100 nequirent,
1544 2023 1718 2100 legitimum

379 2144 548 2184 sermonem
570 2146 655 2186 suum
679 2131 840 2202 prudenter
860 2137 890 2187 et
911 2129 1027 2186 sortiter
1048 2127 1145 2205 magis
1167 2145 1258 2204 quam
1279 2131 1348 2204 apte
1374 2113 1404 2184 et
1424 2125 1520 2202 perita
1541 2124 1569 2182 ei
1591 2141 1718 2201 quoque

378 2225 498 2303 linguae
519 2226 692 2299 intulerunt,
714 2246 803 2302 quam
826 2247 911 2288 suam
932 2229 1058 2287 alteram
1078 2229 1231 2288 iecissent.

457 2427 569 2487 Forma
594 2437 715 2486 senatus
743 2427 873 2487 consulti
900 2428 937 2486 de
965 2428 1125 2488 Thisbaeis
1153 2428 1201 2486 vel
1227 2427 1329 2505 potins
1356 2435 1478 2486 senatus
1506 2425 1714 2486 consultorum

377 2526 462 2602 (nam
487 2547 555 2587 cum
582 2537 789 2605 argumentum
817 2529 1017 2600 continuetur,
1045 2548 1116 2588 vera
1147 2535 1219 2588 sunt
1249 2527 1308 2586 duo
1341 2528 1460 2586 decreta
1489 2526 1569 2586 iacta
1602 2527 1713 2586 dicbus

377 2626 520 2704 diversis)
543 2630 572 2687 in
597 2630 767 2689 universum
789 2631 893 2689 eadem
919 2636 1077 2705 astatque
1101 2629 1174 2688 iacti
1200 2628 1238 2687 ds
1258 2627 1498 2686 Bacchanalibus
1523 2627 1715 2704 aliorumque

378 2737 467 2786 antea
494 2739 642 2789 notorum.
685 2731 792 2788 Annus
821 2728 986 2788 secundum
1010 2747 1096 2787 usum
1122 2729 1326 2788 Romanorum
1355 2727 1535 2804 antiquioris
1567 2725 1714 2802 temporis

331 2843 334 2850 ·
379 2845 414 2884 eo
437 2835 551 2888 tantum
572 2829 730 2902 indicatur,
756 2831 837 2904 quod
858 2831 1051 2905 magistratus
1072 2829 1123 2905 qui
1144 2836 1267 2886 senatus
1290 2828 1457 2887 consultum
1477 2827 1582 2886 fecerit
1602 2845 1713 2886 nomen

377 2929 601 3003 praescribitur.
630 2963 668 2974 -
695 2929 744 2988 De
766 2928 881 3002 diebus,
907 2931 959 3004 qui
981 2937 1104 2991 senatus
1125 2929 1272 2988 consultis
1293 2928 1431 2986 omnibus
1453 2928 1714 3003 praescribuntur,

378 3045 447 3085 cum
468 3049 564 3104 nuper
585 3031 704 3108 egregie
729 3029 824 3109 egerit
845 3027 879 3088 O.
903 3028 997 3088 Bardt
1018 3029 1160 3104 (Hermes
1183 3029 1211 3100 7,
1237 3029 1288 3104 14)
1315 3027 1447 3086 adhibito
1469 3028 1559 3086 ctiam
1580 3029 1637 3087 hoc
1660 3029 1713 3087 do·

379 3141 516 3185 cumento
543 3131 705 3187 etiamtunc
730 3130 861 3201 inedito,
896 3131 934 3188 ad
961 3147 1027 3187 eam
1055 3130 1334 3188 commentationem
1359 3129 1488 3190 lectores
1515 3131 1643 3187 remitto.
1672 3159 1710 3172 -

379 3221 481 3282 Locus
503 3227 574 3282 item
596 3228 734 3302 ponitur,
761 3228 869 3288 solitus
891 3247 997 3306 nempe
1017 3229 1049 3287 in
1071 3229 1205 3300 comitio,
1231 3229 1263 3288 id
1288 3228 1388 3287 estin
1409 3229 1493 3286 curia
1512 3227 1645 3286 Hostilia
1668 3227 1711 3304 (v.

378 3323 441 3380 rol.
465 3324 480 3381 I
502 3345 531 3400 p.
557 3325 640 3400 113).
664 3357 702 3368 -
731 3323 903 3404 Sequuntur
929 3329 1050 3386 nomina
1077 3346 1180 3387 eorum
1201 3329 1253 3404 qui
1281 3328 1442 3388 scribundo
1465 3327 1633 3402 adfuerunt,
1658 3327 1713 3404 qui

377 3421 408 3480 in
431 3425 531 3500 priore
552 3435 675 3484 senatus
697 3429 833 3486 consulto
855 3427 915 3486 duo
936 3437 1014 3498 sunt,
1040 3439 1074 3486 nt
1093 3428 1156 3486 bini
1177 3435 1292 3486 tantum
1319 3435 1413 3487 testes
1440 3429 1599 3506 perscripti
1627 3429 1712 3487 inve·

379 3523 502 3582 niuntar
528 3525 560 3582 in
586 3533 708 3584 senatus
730 3527 876 3585 consultis
899 3527 1014 3588 duobus
1036 3529 1116 3604 apud
1137 3527 1300 3606 Iosephum
1321 3527 1471 3604 relatis²),
1491 3529 1523 3586 in
1545 3527 1712 3605 posteriore

382 3793 407 3840 p.
423 3779 448 3838 7,
467 3780 615 3831 Horcherus
634 3797 675 3832 me
698 3783 786 3833 docuit
809 3799 862 3833 non
886 3784 948 3834 solis
965 3785 1072 3834 Boeotis
1093 3786 1225 3849 proprium
1251 3799 1320 3846 essa,
1346 3784 1393 3835 sed
1416 3785 1477 3834 item
1502 3785 1709 3850 frequentissima

379 3871 485 3932 reperiri
505 3871 574 3935 apud
594 3874 797 3935 Alexandrinos,
825 3881 853 3923 ut
877 3875 945 3940 apud
964 3875 1173 3939 Lycophronem,
1198 3875 1225 3924 in
1250 3875 1366 3924 versione
1389 3875 1527 3925 bibliorum
1551 3875 1713 3940 septuaginta

333 3951 339 4008 ι
380 3959 548 4024 interpretum
567 3965 671 4028 passim,
693 3965 804 4029 denique
824 3965 892 4028 apud
906 3965 1052 4028 Byzantios.
1065 3972 1182 4015 auctores
1200 3965 1281 4015 medii
1299 3967 1365 4027 aeri,
1385 3973 1413 4015 ut
1431 3966 1459 4016 id
1478 3966 1569 4015 riuum
1587 3966 1712 4015 semonia

381 4049 432 4098 late
455 4053 567 4114 patuerit
586 4067 689 4104 necessa
710 4056 750 4104 sit.
789 4055 854 4104 Item
874 4049 954 4102 ivam
973 4071 997 4104 v.
1017 4057 1051 4105 bi
1071 4071 1087 4105 a
1105 4063 1209 4120 recepto
1228 4070 1346 4106 sermone
1364 4056 1506 4106 abhorrens
1524 4055 1615 4106 iisdem
1634 4057 1712 4106 inter·

379 4140 494 4202 precibus
524 4143 713 4194 Alexandrinis
741 4145 862 4200 usitatum
890 4159 953 4194 esse.
991 4145 1052 4195 Non
1081 4146 1166 4210 inepta
1189 4147 1267 4211 igitur
1291 4147 1399 4211 cogitari
1424 4147 1457 4196 de
1479 4147 1618 4210 interprete
1637 4145 1713 4195 buius

382 4233 596 4282 senatusconsulti
615 4234 714 4284 Romae
734 4235 844 4300 degente
863 4236 968 4284 natione
987 4235 1178 4297 Alexandrino,
1202 4236 1243 4285 vel
1262 4243 1331 4287 certe
1348 4251 1365 4287 a
1384 4235 1479 4288 Gracci
1497 4237 1622 4287 sermonis
1640 4251 1712 4286 mun·

384 4319 448 4369 ditia
467 4322 503 4371 ita
522 4323 616 4384 alieno,
635 4333 664 4374 nt
681 4339 698 4374 a
716 4325 863 4390 vulgaribus
883 4325 1012 4375 erroribus
1030 4341 1084 4376 non
1103 4333 1213 4384 caverat.

459 4409 482 4470 ¹)
508 4413 577 4461 Haec
596 4415 649 4476 apti
667 4414 788 4464 vocabuli
808 4429 970 4478 comparum
990 4421 1050 4480 apto
1063 4417 1217 4481 permutatio
1230 4431 1283 4466 non
1302 4423 1355 4466 tam
1374 4415 1408 4466 ad
1421 4416 1557 4466 infantiam
1571 4415 1713 4468 scribarum

383 4498 520 4548 referenda
538 4513 577 4548 est
596 4516 673 4564 quam
692 4505 725 4552 ad
741 4503 876 4553 consilinm
900 4519 988 4555 eorum
1013 4507 1057 4570 qui
1076 4507 1174 4557 Romae
1197 4507 1273 4556 rebus
1296 4513 1443 4572 praeerant,
1469 4521 1517 4556 nec
1539 4507 1596 4556 sine
1619 4507 1714 4556 idonea

382 4601 459 4635 causa
477 4585 510 4657 *ti
528 4587 611 4658 βουλῇ
628 4586 674 4638 τῶν
693 4587 853 4658 Συρακοσίων
872 4597 1010 4659 respondet
1028 4612 1080 4647 non
1098 4588 1115 4660 η’
1134 4584 1215 4659 βουλὴ
1233 4593 1280 4646 sais
1296 4589 1436 4664 Ῥωμαίων,
1461 4597 1507 4647 sed
1530 4587 1546 4658 ἦ
1564 4584 1712 4664 adnitant-

459 4675 484 4738 ²)
508 4679 598 4742 Antiq.
612 4680 669 4729 Iud.
686 4683 728 4742 13,
744 4683 769 4744 9,
786 4684 809 4732 2.
831 4687 873 4747 14,
890 4687 915 4747 8,
931 4687 955 4736 5.
987 4687 1047 4738 Non
1067 4694 1106 4737 est
1124 4688 1207 4738 simile
1226 4688 1296 4752 quod
1314 4687 1475 4752 compararit
1486 4687 1629 4738 Fonoartus
1646 4687 1713 4738 rela-

383 4773 437 4816 tum
456 4769 526 4834 apud
546 4769 696 4821 Ciceronem
714 4771 760 4833 <ad
777 4775 832 4824 Att.
847 4778 872 4837 4,
895 4775 937 4838 ta,
959 4777 985 4837 2)
1005 4779 1122 4828 consules
1141 4793 1165 4828 a.
1178 4778 1231 4829 699
1250 4783 1353 4843 pactum
1371 4778 1463 4828 iecisse
1482 4793 1541 4827 enm
1560 4777 1713 4844 petitoribus

384 4857 490 4912 daturos
509 4876 536 4910 se
556 4859 605 4910 duo
624 4862 781 4925 consulares,
808 4867 852 4931 qui
869 4881 896 4916 re
914 4865 1026 4917 dicerent
1042 4869 1070 4918 s'a
1088 4869 1211 4920 ornandis
1223 4868 1368 4936 poninus
1386 4865 1560 4919 cumulositate
1579 4865 1711 4917 scribendo

383 4945 506 5012 adfuisse,
532 4967 585 5001 cum
612 4953 708 5004 omniuo
732 4969 762 5004 ae
786 4962 886 5006 senatus
909 4956 1006 5023 quidem
1030 4974 1062 5008 eu
1083 4957 1125 5010 dic
1141 4959 1238 5025 suisset
1255 4955 1324 5021 [cod.
1345 4958 1442 5025 quidem
1463 4956 1606 5024 adfiss'saetl
1642 4957 1713 5008 Nm

385 5039 454 5101 quod
473 5041 524 5090 duo
538 5043 684 5094 consulares
701 5046 835 5098 scribendo
854 5048 956 5112 adsunt,
977 5048 1037 5100 inde
1057 5065 1110 5102 non
1128 5058 1196 5102 recte
1210 5051 1339 5116 colligitur
1355 5065 1409 5102 non
1421 5051 1478 5116 plus
1497 5049 1562 5100 duos
1580 5054 1714 5100 miratores

384 5128 519 5180 scribendo
538 5131 660 5185 adiuima
1374 5141 1376 5146 '
