3826 5962
403 586 475 658 198
991 599 1137 651 nnrzsn

399 777 539 852 Denique
564 773 644 850 quod
671 771 775 832 scribit
794 769 988 847 Lampridius
1014 771 1090 846 (vita
1111 770 1200 830 Alex.
1221 771 1276 846 43)
1300 771 1429 830 nundina
1450 781 1545 858 cetero
1571 792 1606 832 aa
1630 777 1729 832 ordine

400 877 567 938 instituisse
590 872 733 934 Severum
755 873 977 945 Alexandrum,
1005 872 1222 932 Brambaohius
1248 873 1295 948 (p.
1313 872 1366 948 17)
1392 872 1434 932 ita
1459 871 1594 949 explicat
1617 874 1728 933 collato

399 979 466 1038 loco
477 977 597 1048 Dionis,
612 974 746 1035 nundina
755 981 858 1034 vetera
871 973 1025 1033 bimestris
1038 991 1106 1034 esse
1120 973 1257 1032 instituta
1270 972 1433 1032 seeundum
1444 973 1543 1049 ipsum
1554 994 1573 1033 a
1583 973 1727 1048 Traiano,

399 1080 518 1138 turbata
542 1087 641 1138 antem
668 1095 687 1136 a
708 1074 873 1136 Commodo
894 1075 1182 1153 imperatoribusque
1202 1073 1432 1152 posterioribus.
1473 1073 1557 1135 Idem
1578 1076 1727 1152 proximis

400 1189 470 1258 post
484 1177 691 1239 Alexandrum
709 1177 892 1254 temporibus
906 1177 1065 1252 quicquam
1081 1185 1223 1236 novatum
1240 1193 1305 1234 esse
1320 1183 1419 1252 negat,
1439 1185 1598 1254 eapropter
1611 1185 1728 1235 tantum

400 1284 432 1341 ni
445 1282 545 1352 fallor,
559 1280 639 1356 quod
654 1279 691 1338 de
705 1279 792 1338 lastis
807 1287 973 1355 temporum
987 1296 1063 1354 qnae
1078 1277 1216 1353 proxime
1230 1285 1395 1352 sequuntur
1409 1284 1536 1336 aetatem
1549 1277 1728 1348 Alexandri,

348 1391 351 1398 '
401 1381 607 1444 nihilomnino
618 1379 766 1439 norimus.
793 1378 1012 1438 Documentum
1023 1387 1122 1437 autem
1134 1377 1215 1455 quod
1226 1377 1263 1436 de
1273 1377 1361 1437 lastis
1375 1378 1484 1436 saeculi
1500 1378 1579 1436 tertii
1590 1387 1728 1454 superest

401 1503 461 1542 non
483 1491 544 1542 tam
566 1481 741 1559 primarium
756 1498 846 1557 quam
861 1482 981 1540 unicum
995 1489 1027 1538 et
1040 1487 1195 1556 praeterea
1208 1477 1406 1550 notissimum,
1428 1497 1609 1556 quamquam
1624 1479 1727 1538 nescio

400 1603 460 1662 quo
483 1583 573 1642 modo
587 1582 818 1642 Brambachium
839 1581 926 1658 fugit,
947 1580 1095 1640 fastorum
1111 1579 1293 1640 Galenorum
1313 1579 1510 1657 fragmentum
1533 1580 1572 1657 (Ι.
1588 1578 1627 1638 N.
1644 1580 1725 1640 3946

403 1709 440 1738 a
456 1685 511 1744 Or.
526 1684 650 1743 Henzen
665 1682 761 1758 6447)
782 1683 934 1760 pertinens
949 1683 987 1741 ad
1003 1699 1114 1740 annum
1129 1681 1199 1754 289,
1217 1699 1284 1740 cnm
1306 1689 1447 1758 quattuor
1467 1689 1622 1741 recenseat
1641 1682 1728 1758 paria

400 1787 569 1857 consulum,
590 1801 801 1859 nonnunquam
822 1789 902 1842 certe
922 1799 959 1840 ea
979 1791 1077 1840 aetate
1098 1783 1232 1841 nundina
1243 1782 1338 1842 fuisse
1353 1781 1485 1842 declarat
1498 1782 1623 1859 singulis
1638 1783 1727 1841 annis

401 1897 556 1966 quaterna.
603 1883 664 1946 Sed
689 1903 749 1943 non
776 1883 973 1960 aequabiliter
996 1883 1027 1942 in
1052 1893 1154 1960 partes
1180 1890 1323 1958 quattuor
1347 1903 1459 1942 annum
1484 1883 1570 1944 illum
1596 1885 1726 1944 divisum

401 2007 470 2049 esse
495 1987 626 2064 epistula
650 1987 835 2045 demonstrat
859 1983 964 2043 eodem
989 2003 1068 2044 anno
1094 2003 1113 2043 a
1138 1983 1382 2060 quindecimviris
1404 1983 1498 2044 sacris
1518 1985 1666 2045 faciundis
1688 1985 1726 2043 ad

402 2089 555 2151 Cumanos
576 2087 670 2148 missa
690 2085 729 2162 (1.
744 2083 785 2144 N.
802 2083 882 2144 tote
899 2109 937 2135 ==
954 2083 1008 2146 Or.
1024 2083 1136 2161 2263);
1157 2085 1199 2146 ibi
1220 2086 1300 2146 enim
1320 2087 1372 2163 qui
1393 2105 1421 2146 a.
1444 2087 1473 2145 d.
1488 2086 1564 2146 XVI
1581 2086 1726 2146 kalendas

400 2189 590 2268 Septembres
617 2187 756 2248 consules
784 2179 975 2245 nominantur
1002 2187 1043 2246 Μ.
1068 2187 1214 2248 Umbrins
1238 2187 1359 2247 Primus
1386 2198 1417 2246 et
1436 2187 1474 2246 T.
1501 2185 1627 2246 Flavius
1649 2185 1727 2246 Oce·

400 2293 500 2352 lianus
525 2290 557 2348 in
582 2289 670 2348 lastis
692 2286 816 2347 Calenis
843 2285 1004 2346 seeundum
1032 2287 1198 2346 nundinum
1224 2289 1358 2348 obtinent
1385 2287 1436 2364 (cf.
1463 2289 1500 2347 de
1521 2287 1614 2348 Rossi
1634 2289 1726 2347 inser.

401 2391 536 2454 christi
559 2411 589 2469 p.
603 2389 680 2465 XV)
703 2407 757 2447 nec
777 2387 932 2466 probabile
953 2394 1001 2446 est
1021 2388 1051 2444 in
1074 2387 1170 2445 altero
1192 2395 1259 2447 utro
1277 2389 1455 2448 documento
1470 2407 1603 2450 errorem
1615 2390 1726 2450 inesse.

401 2493 549 2553 Videntur
561 2491 653 2568 igitur
674 2507 752 2548 auno
767 2485 827 2547 289
847 2485 980 2546 nundina
993 2487 1052 2545 duo
1066 2487 1168 2564 priora
1182 2487 1411 2564 quadrimestria
1424 2489 1528 2560 luisse,
1550 2490 1610 2550 duo
1625 2497 1728 2567 poste-

400 2597 482 2656 riora
506 2611 567 2653 non
592 2593 679 2662 item3
704 2590 779 2649 haec
804 2597 903 2647 ntrnm
930 2588 1086 2647 bimestris
1111 2588 1223 2648 fuerint
1247 2607 1286 2648 an
1306 2596 1429 2667 propter
1448 2606 1570 2648 oausam
1592 2591 1728 2667 aliquam

401 2699 535 2776 ignotam
554 2691 731 2754 oonsulibus
751 2689 877 2750 nundini
898 2689 978 2748 tertii
998 2689 1170 2750 consulibus
1192 2689 1245 2750 alii
1264 2699 1352 2750 extra
1370 2688 1504 2749 ordinem
1520 2689 1639 2749 suffecti
1655 2692 1726 2765 sint,

402 2817 462 2858 non
487 2796 590 2872 liquet.
632 2791 812 2872 Legitimum
838 2799 937 2850 autem
963 2790 1172 2850 consulatuum
1199 2791 1266 2850 eins
1291 2791 1398 2850 aetatis
1424 2797 1541 2868 tempus
1566 2793 1726 2878 quominqs

402 2907 466 2958 tuto
488 2897 665 2972 colligamus
686 2912 726 2952 ex
746 2892 832 2952 lastis
847 2891 981 2964 catenis,
1001 2891 1126 2969 impedit
1147 2891 1257 2968 pagina
1277 2909 1381 2951 eorum
1402 2892 1498 2951 altera
1511 2894 1647 2968 quamvis
1661 2914 1727 2954 mn-

402 2999 457 3059 tila
477 3008 507 3058 et
528 2997 607 3057 male
627 2994 789 3071 descripta,
811 3011 890 3070 quae
912 2993 977 3052 dies
999 2995 1152 3053 contineat
1171 2994 1379 3052 consulatuum
1399 2993 1540 3053 initorum
1555 3013 1622 3053 cum
1636 2995 1726 3055 lastis

401 3101 472 3162 anni
486 3099 547 3160 289
574 3116 635 3158 non
658 3097 733 3156 eatis
754 3093 973 3155 convenientes.
1017 3093 1085 3154 Hoc
1106 3111 1180 3154 sane
1201 3075 1574 3154 orandunt'mtteotorum
1595 3095 1726 3170 nomina,

401 3217 581 3277 quamquam
596 3198 757 3256 adsunam
778 3195 969 3254 indicandum
984 3195 1044 3254 iam
1059 3213 1097 3254 ne
1110 3195 1228 3271 publice
1243 3197 1361 3272 quidem
1376 3196 1604 3268 adhibebantur,
1624 3207 1724 3256 tamen

400 3301 449 3360 vel
471 3319 507 3358 ea
527 3306 624 3358 aetate
643 3297 675 3356 in
696 3303 764 3356 acta
787 3295 909 3374 pnbliea
929 3295 1025 3356 relata
1045 3314 1124 3356 ease:
1150 3313 1211 3373 qua
1232 3295 1268 3356 de
1289 3315 1323 3355 re
1344 3297 1408 3356 sine
1428 3296 1510 3356 iusta
1529 3315 1620 3356 causa
1640 3297 1725 3358 dnbi-

401 3401 477 3462 tarit
489 3397 707 3460 Brambacbius
726 3397 770 3473 (p.
783 3396 848 3473 20).
878 3395 946 3471 Qua
959 3405 1059 3457 summ
1073 3398 1189 3457 ratione
1203 3397 1315 3456 lactum
1330 3397 1378 3470 sit,
1401 3405 1435 3456 nt
1448 3397 1590 3482 temporis
1604 3394 1725 3458 notandi

401 3520 494 3563 causa
518 3499 709 3560 suffectorum
734 3499 856 3558 nomina
881 3500 1081 3558 monumentis
1107 3498 1234 3576 amplius
1256 3517 1316 3558 non
1337 3499 1579 3571 inscriberentur,
1604 3499 1636 3556 id
1656 3499 1725 3558 loco

401 3603 491 3664 modo
512 3600 604 3660 citato
624 3599 766 3676 exposuit
784 3600 924 3660 Roasius.

485 3700 572 3776 Quae
598 3701 636 3762 de
661 3700 793 3779 priorum
820 3701 1009 3768 saeculorum
1030 3719 1119 3762 aerae
1138 3707 1261 3762 nostrae
1281 3699 1423 3760 nundinis
1444 3699 1652 3760 consularibus
1673 3719 1726 3761 ex·

400 3804 568 3883 posuimus,
589 3821 650 3880 quo
670 3803 779 3864 melius
800 3811 916 3864 mutata
935 3821 1040 3862 eorum
1059 3803 1136 3863 ratio
1157 3812 1311 3882 appareat,
1332 3801 1433 3863 tabula
1453 3801 1604 3879 complexi
1621 3819 1726 3861 snmus

401 3905 579 3981 subscripta.
