3826 5962
372 593 441 663 188
959 599 1105 652 HENZEN

368 786 405 843 de
431 784 637 859 Augustorum
665 773 843 834 necessariis
872 771 974 831 eadem
1002 772 1053 830 lex
1081 769 1216 829 videatur
1242 768 1399 826 observata
1427 785 1503 827 esse.
1547 766 1694 841 Quamvis

369 893 466 942 autem
493 900 531 939 ex
558 879 682 938 arbitrio
708 876 875 951 principum
902 873 982 932 haud
1009 891 1077 930 raro
1103 881 1165 929 tum
1191 869 1367 928 consulatus
1392 869 1555 946 dispositos
1576 887 1644 928 esse
1665 876 1696 928 et

369 986 440 1044 fasti
462 982 621 1040 ostendant
642 988 672 1036 et
692 977 729 1036 de
744 975 860 1034 Tiberii
881 982 960 1033 certe
982 981 1077 1032 aetate
1092 971 1154 1031 Dio
1172 969 1349 1044 affirmet¹)‚
1372 971 1465 1028 nihilo
1480 980 1579 1029 tamnu
1596 971 1695 1028 minos

369 1106 406 1144 eo
428 1095 560 1161 tempore
582 1079 713 1139 dubitari
734 1077 846 1152 nequit,
868 1076 938 1152 quin
961 1083 1104 1133 semestre
1126 1072 1215 1130 luerit
1235 1071 1442 1166 consulatuum
1465 1081 1583 1148 tempus
1598 1071 1696 1148 legiti-

371 1206 461 1246 mum.
497 1184 597 1242 Etiam
619 1182 674 1240 sub
688 1178 809 1237 Nerone
831 1176 860 1234 id
883 1177 913 1234 in
936 1192 991 1234 usu
1014 1175 1161 1232 mansisse
1183 1191 1242 1229 uon
1258 1171 1418 1232 Suetonius
1434 1171 1520 1247 (Ner.
1535 1173 1587 1248 15)
1606 1171 1695 1230 modo

370 1296 481 1357 narrat,
504 1303 571 1343 cum
593 1280 767 1339 consulatus
788 1279 819 1336 in
841 1294 931 1336 senos
952 1277 1127 1352 plerumque
1149 1290 1269 1332 menses
1291 1292 1358 1332 eum
1376 1273 1494 1332 dedisse
1510 1273 1622 1345 scribit,
1643 1271 1697 1331 sed

371 1393 563 1446 monumenta
583 1400 704 1458 quoque
726 1379 917 1438 confirmant:
939 1395 1008 1435 nam
1030 1395 1106 1451 quae
1129 1383 1290 1450 supersunt
1309 1382 1378 1432 acta
1398 1374 1523 1432 fratrum
1539 1373 1696 1431 Arvalium

371 1507 449 1548 anno
472 1493 552 1546 certe
574 1484 613 1542 59
640 1483 699 1540 duo
728 1489 841 1538 tantum
869 1479 961 1537 ruisse
989 1483 1136 1536 testantur
1162 1475 1318 1533 consulum
1346 1475 1445 1552 paria,
1472 1493 1526 1534 nec
1551 1474 1588 1533 de
1610 1475 1696 1534 annis

372 1589 489 1665 imperii
510 1584 677 1644 Neroniani
699 1581 912 1659 posterioribus
936 1577 996 1636 ulla
1017 1577 1161 1634 habemus
1184 1576 1366 1646 testimonia,
1393 1575 1501 1651 quibus
1522 1575 1697 1635 consulatus

372 1701 443 1749 tunc
468 1687 555 1745 aliter
581 1685 733 1742 ordinatos
760 1700 827 1740 esse
854 1689 1004 1758 appareat.
1048 1677 1127 1736 Nam
1153 1679 1233 1752 quod
1259 1677 1323 1753 ipse
1345 1675 1428 1734 Nero
1455 1696 1471 1734 e
1492 1677 1697 1736 consulatibus

373 1801 513 1869 quattuor
534 1783 696 1846 secundum
720 1781 839 1858 quidem
861 1789 891 1838 et
911 1779 1106 1838 novissimum
1127 1779 1223 1856 gessit
1244 1786 1419 1849 semestres,
1447 1779 1576 1853 primum
1598 1787 1698 1837 autem

372 1893 562 1958 bimestrem,
587 1884 704 1943 tertium
726 1883 971 1959 quadrimestrem
993 1877 1087 1954 (Suet
1110 1879 1131 1936 l.
1147 1897 1172 1936 ο.
1198 1879 1265 1954 14),
1293 1878 1324 1936 id
1346 1878 1384 1936 ad
1406 1879 1578 1937 consulatus
1598 1878 1698 1955 privs-

375 2003 472 2050 torum
494 2007 554 2046 non
575 1985 720 2062 pervenit,
741 2001 807 2041 cum
829 1983 1024 2058 imperatores
1046 1987 1076 2038 et
1097 1980 1147 2055 qui
1169 1989 1396 2056 praecesserunt
1412 1988 1441 2037 et
1455 1979 1507 2056 qui
1521 1979 1617 2038 secuti
1631 1987 1700 2039 sunt

373 2093 473 2150 fasces
499 2107 538 2146 ex
562 2086 687 2144 arbitrio
708 2103 762 2159 per
783 2093 899 2160 tempus
921 2082 1010 2140 modo
1032 2081 1152 2156 longius
1174 2081 1262 2138 modo
1284 2081 1404 2138 brevius
1426 2080 1576 2138 tenuerint
1597 2079 1649 2154 (cf.
1672 2099 1697 2139 e.

374 2212 402 2270 g.
424 2191 495 2251 lasti
516 2185 706 2260 Domitiani).
751 2182 838 2256 Quod
865 2202 960 2260 nuper
982 2181 1146 2258 disputavit
1167 2179 1309 2240 Stobbius
1335 2181 1527 2259 (Philologus
1547 2180 1698 2276 xxxia

374 2314 403 2370 p.
419 2289 499 2364 266)
525 2289 602 2346 inter
626 2287 739 2368 primos
761 2285 857 2343 fasces
878 2295 908 2341 et
929 2293 1098 2360 postremos
1121 2282 1192 2340 anni
1207 2281 1245 2339 68
1268 2281 1442 2341 inserendos
1464 2299 1532 2342 esse
1553 2283 1594 2340 M.
1616 2281 1700 2359 Ulpii

374 2391 497 2452 Traiani
524 2387 633 2465 patris,
662 2387 693 2443 id
719 2395 765 2443 est
790 2383 923 2442 nundina
947 2383 1012 2440 eius
1039 2383 1108 2440 anni
1130 2381 1361 2457 quadrimestria
1381 2382 1491 2456 fuisse,
1520 2383 1638 2443 etiamsi
1663 2384 1700 2442 de

374 2493 506 2552 Traiano
532 2487 654 2546 consule
682 2493 760 2542 recte
783 2482 978 2558 iudicarim),
1006 2491 1149 2542 mutatam
1172 2501 1240 2541 esse
1262 2483 1436 2542 consulatus
1457 2485 1603 2542 rationem
1632 2485 1701 2543 inde

374 2609 561 2669 nequaquam
587 2586 730 2662 sequitur.
773 2584 852 2644 Nam
874 2602 954 2642 anno
970 2583 1008 2642 68
1030 2583 1170 2641 consules
1192 2581 1360 2642 ordinarios
1382 2594 1447 2642 ante
1468 2594 1575 2661 tempus
1597 2587 1701 2644 bonore

371 2695 500 2774 privavit
514 2688 596 2748 Nero
618 2697 702 2762 atque
722 2689 753 2742 in
774 2689 923 2760 ulmosque
944 2685 1033 2742 locum
1054 2684 1133 2741 solua
1155 2686 1219 2742 iniit
1232 2685 1408 2744 consulatum
1429 2683 1526 2760 (Suet.
1541 2685 1613 2745 Ner.
1629 2686 1701 2763 43);

375 2797 446 2854 item
473 2792 499 2850 si
525 2809 558 2847 re
580 2806 651 2845 vera
675 2796 745 2862 post
771 2795 896 2844 mortem
917 2786 982 2843 eius
1004 2785 1135 2842 inierunt
1156 2783 1306 2842 Traianus
1328 2794 1358 2843 et
1379 2785 1526 2860 Bolanus,
1552 2789 1608 2846 hos
1631 2807 1703 2847 con-

377 2895 457 2954 sules
485 2890 659 2966 designatos
687 2903 754 2945 esse
781 2886 919 2960 sollemni
946 2886 1050 2944 ordine
1076 2885 1146 2943 inde
1172 2891 1236 2942 tuto
1263 2885 1404 2963 colligere
1431 2907 1490 2946 nou
1518 2889 1603 2960 licet,
1634 2908 1701 2947 eum

376 3000 500 3072 urgente
526 2997 660 3064 tempore
687 2986 801 3046 Neroni
827 2988 967 3046 defuncto
995 2987 1075 3044 credi
1103 2986 1222 3062 possint
1249 2985 1364 3045 suffecti
1393 3005 1468 3046 esse.
1486 3003 1491 3014 ’
1512 2986 1704 3065 Quapropter

377 3082 557 3173 quamquam
580 3088 719 3148 consules
740 3105 795 3146 sex
817 3107 895 3146 auno
912 3086 950 3144 68
973 3096 1091 3164 praeter
1105 3085 1264 3146 Caesarem
1280 3088 1417 3146 videntur
1437 3089 1536 3148 fasces
1558 3091 1702 3168 gessisse,

378 3196 612 3273 quadrimestres
633 3188 805 3248 consulatus
827 3195 897 3246 tunc
919 3187 1013 3245 luisse
1034 3188 1155 3244 minime
1178 3196 1303 3246 constat.

380 3400 583 3412 ...-

457 3568 480 3628 ¹)
508 3566 561 3616 Dio
576 3566 623 3626 58,
638 3567 686 3614 2οι
710 3562 755 3612 τῶν
781 3557 803 3612 δ’
822 3552 862 3613 οὖν
886 3539 979 3612 incisor
1002 3555 1016 3611 ὅ
1035 3559 1077 3631 ple
1096 3559 1221 3636 ᾼομίτνος
1241 3559 1274 3613 δι’
1292 3561 1359 3623 ἔτους
1378 3557 1436 3634 ἦρξε
1456 3601 1610 3632 .........
1637 3567 1662 3618 οἱ
1682 3561 1705 3619 δ’

381 3650 461 3710 ἄλλοι
485 3644 516 3712 ὅς
537 3672 583 3702 που
605 3651 639 3717 τῷ
657 3649 768 3721 Τιβερίῳ
793 3650 873 3720 ἔδοξε.
904 3641 962 3710 rori:
984 3650 1026 3722 plu
1049 3642 1095 3722 γνῖρ
1119 3652 1158 3703 tat
1177 3641 1339 3724 μακρδτορον,
1365 3648 1422 3715 rods
1442 3653 1469 3708 δδ
1488 3656 1526 3708 tut
1545 3647 1704 3731 βροχῦτορον

381 3741 410 3799 ἂν
428 3739 512 3819 plostra
531 3739 573 3794 sal
589 3733 647 3802 τοδς
665 3741 708 3811 μὶν
726 3739 763 3794 lu
781 3743 820 3794 sal
839 3743 942 3794 θᾶσσον
959 3741 1004 3795 τοῦ
1020 3743 1167 3813 τεταγμένου
1187 3736 1352 3810 drusillam,
1379 3754 1433 3807 τοῖς
1457 3745 1484 3798 δ)
1502 3747 1543 3799 sul
1562 3749 1600 3800 brt
1617 3753 1705 3802 πλοῖον

380 3830 472 3908 ἄρχειν
495 3831 587 3884 ἐδίδου.
624 3826 670 3898 ἤδη
695 3832 723 3884 δῖ
745 3834 785 3885 καὶ
809 3833 833 3894 ὗς
857 3823 917 3886 ἕλον
939 3823 982 3884 cdv
1006 3827 1113 3885 Ινιοντδν
1135 3829 1271 3904 ἀποδείξας
1290 3830 1319 3887 οἷν
1336 3857 1391 3888 τινα
1410 3838 1499 3890 lustror
1517 3837 1560 3908 pls
1578 3839 1703 3906 κατῦλυιν,

380 3925 463 3997 ἕτερον
486 3923 514 3976 dl
539 3919 580 3976 sal
604 3914 678 3978 αὖθις
702 3921 783 3992 ἕτερον
808 3924 989 3988 ἀντικοθνότς·
1015 3924 1058 3977 καί
1079 3943 1145 3985 τινος
1164 3921 1206 3977 καὶ
1227 3926 1251 3986 Ις
1268 3926 1351 3997 τρίτον
1370 3929 1466 3998 luipone
1484 3923 1705 4003 προχοιριζᾶμονος

381 4015 435 4071 εἶτα
459 4009 555 4075 ἄλλους
572 4005 698 4068 horruisse
714 4007 762 4084 apd
781 4009 857 4066 adeda
876 4010 934 4066 ἄνθ’
952 4015 1038 4086 ἑτέρων
1057 4013 1146 4068 ἐποίει.
1179 4016 1219 4068 sul
1236 4017 1292 4088 περὶ
1312 4018 1355 4089 μ’νν
1372 4012 1429 4080 reric
1446 4013 1551 4080 u‘rrsirsuc
1567 4021 1644 4074 τοῦτο
1662 4014 1706 4074 tul

379 4100 461 4173 ndens,-
478 4101 509 4165 ὥς
527 4107 605 4159 sistris
623 4105 666 4172 τῆς
683 4101 814 4176 ἡγεμονίας
831 4100 906 4158 aaut
923 4103 1039 4176 ἐγίγνετο.
1627 4097 1630 4106 ’

456 4217 481 4280 ²)
509 4219 550 4268 De
575 4233 607 4270 ea
630 4233 658 4269 ra
683 4219 868 4283 ampliusegit
889 4219 917 4267 in
942 4217 1105 4282 ephemeride
1128 4217 1224 4269 Philol.
1249 4220 1374 4287 Anasiqer
1401 4223 1470 4274 1870
1494 4239 1520 4288 p.
1534 4225 1601 4285 289,
1627 4239 1704 4289 quam

379 4311 495 4360 nondum
519 4310 626 4359 allatam
643 4310 670 4358 in
689 4310 780 4358 urbem
798 4323 851 4358 non
869 4309 943 4358 licuit
961 4310 1102 4359 consulere.
1139 4311 1199 4360 Fuit
1218 4317 1303 4360 autem
1323 4314 1451 4364 {l'rsisnus
1471 4315 1587 4364 annoti?
1607 4315 1705 4378 legatus

380 4400 489 4463 legionis
508 4399 623 4448 decimae
643 4397 760 4462 (Ioseph.
780 4399 805 4447 b.
825 4400 846 4448 1.
866 4399 921 4460 111,
944 4401 968 4460 7,
984 4400 1030 4449 ³1:
1057 4391 1181 4466 Τραιονδν
1200 4390 1257 4450 ὄντα
1275 4399 1320 4452 soii
1339 4393 1440 4452 draciaco
1457 4393 1582 4472 πᾶγματος
1599 4393 1706 4473 ἦγομὸνο

380 4505 441 4536 m.
457 4487 512 4551 λ.),
538 4501 615 4551 quam
639 4501 708 4537 anno
732 4489 876 4554 insequenti
895 4491 963 4538 rexit
980 4491 1087 4539 Larcius
1104 4493 1218 4555 Lepidus
1237 4493 1269 4554 (l.
1284 4509 1305 4543 ο.
1325 4496 1378 4554 Vl,
1393 4496 1423 4556 4,
1440 4497 1468 4556 ³5
1494 4496 1527 4545 ei.
1547 4497 1643 4547 Renier
1660 4512 1705 4545 sur

381 4577 419 4626 lea
436 4575 546 4642 officiare
564 4577 608 4641 qui
626 4574 771 4627 asdatdrent
790 4594 823 4627 aa
840 4579 936 4630 consol
952 4578 983 4629 de
997 4597 1088 4645 qums
1106 4589 1162 4630 terra
1178 4597 1229 4648 par
1246 4581 1318 4632 Tiora
1335 4591 1383 4635 cet.
1402 4602 1427 4650 p.
1443 4585 1496 4648 23).
1533 4585 1612 4636 Auno
1629 4587 1707 4651 igitur

382 4667 416 4717 67
435 4672 545 4716 exeunte
563 4667 604 4716 vel
623 4667 657 4717 68
677 4669 704 4718 in
722 4668 812 4718 urbem
829 4669 931 4720 videtur
948 4672 1091 4721 revertisse.
1122 4673 1202 4722 Auno
1221 4673 1315 4724 deinde
1329 4677 1363 4726 79
1383 4691 1441 4726 curu
1459 4677 1597 4740 proconsul
1612 4677 1705 4727 Asiam

381 4757 569 4808 administrarit
590 4757 671 4818 (0.1.
691 4759 738 4811 Gr.
758 4759 842 4822 3935;
873 4761 906 4810 oi.
930 4761 1027 4810 iiokhel
1047 4763 1063 4811 6
1087 4779 1113 4827 p.
1131 4764 1209 4826 435),
1238 4771 1344 4829 propter
1367 4765 1533 4838 decennium,
1559 4767 1628 4831 quod
1651 4775 1706 4816 tum

379 4849 448 4898 inter
472 4847 633 4898 consulatum
658 4855 684 4897 et
706 4852 916 4914 proconsulatum
940 4845 1099 4902 intercedere
1124 4855 1236 4917 solebat,
1263 4871 1316 4906 non
1339 4858 1394 4907 sine
1418 4857 1601 4921 probabilitate
1623 4857 1706 4906 luces

380 4939 435 4987 eius
463 4939 497 4988 ad
525 4953 620 4988 annum
645 4939 679 4988 68
708 4943 860 4990 referuntur.
906 4943 994 4992 Antea
1021 4943 1090 4992 enirn
1120 4947 1280 4996 consulatum
1307 4961 1361 4997 non
1389 4954 1474 5012 potest
1498 4949 1619 5012 gessisse,
1648 4962 1706 4996 curn

380 5041 449 5077 auno
468 5027 501 5076 67
528 5029 606 5078 fuisse
633 5031 751 5080 videatur
774 5033 918 5096 praetorius
941 5039 1028 5096 utpote
1052 5035 1147 5098 legioni
1172 5039 1340 5100 praepositus.
1386 5037 1520 5089 Similibus
1550 5037 1707 5103 argumemis

380 5116 505 5166 adductus
523 5117 680 5184 Borghesius
693 5121 807 5172 Vettium
827 5122 956 5172 Bolanum
980 5125 1159 5186 proconsulem
1179 5127 1260 5176 Asiae
1280 5143 1348 5178 anno
1368 5129 1460 5178 eodem
1480 5128 1581 5194 <opp.3
1601 5143 1626 5192 p.
1641 5127 1706 5189 289)

380 5213 404 5256 et
423 5208 506 5271 ipsum
526 5223 595 5259 auno
609 5211 642 5261 68
663 5212 761 5262 Neroni
781 5215 913 5264 suffectum
933 5229 988 5264 esse
1008 5215 1117 5264 coniecit
1137 5216 1163 5276 (l.
1179 5233 1200 5266 c.
1221 5219 1237 5266 4
1256 5234 1281 5282 p.
1297 5219 1369 5280 402).
