3826 5962
387 1719 470 1830 Du
489 1715 964 1831 PROVINCIARVM
981 1714 1384 1831 ROMANARVM
1407 1717 1712 1830 CONOILIIS

761 1888 842 1999 ΕΤ
869 1886 1342 2001 SAOERDO'PIBVS.

947 2175 1150 2186 ——-—

469 2389 546 2448 Plus
567 2386 672 2464 viginti
693 2385 763 2446 enni
785 2391 869 2456 sunt,
895 2403 934 2442 cx
955 2403 1015 2462 quo
1036 2386 1240 2446 Mommsenus
1262 2387 1299 2446 de
1319 2387 1539 2464 provinciarum
1561 2388 1712 2448 Romane·

386 2509 451 2552 rum
479 2489 614 2550 conciliis
642 2493 672 2546 et
698 2485 903 2546 sacerdotibus
932 2485 963 2544 in
989 2487 1144 2547 Anelectis
1170 2488 1371 2567 epigraphicis
1398 2509 1426 2546 n.
1448 2487 1516 2546 8.9
1543 2506 1620 2564 quae
1647 2498 1712 2548 tum

284 2617 287 2626 ·
388 2601 459 2652 note
484 2597 570 2650 eraut
594 2589 681 2648 docte
707 2598 738 2646 et
762 2588 915 2664 eleganter
935 2589 1115 2665 composuit.
1157 2588 1233 2648 Inde
1254 2590 1291 2648 eb
1312 2607 1348 2647 oo
1370 2599 1502 2665 tempore
1524 2589 1609 2647 multi
1631 2589 1714 2648 tituli

385 2696 577 2754 innotuerunt
605 2690 645 2752 ad
671 2690 750 2749 idem
776 2695 983 2766 argumentum
1010 2690 1209 2765 pertinentes,
1238 2690 1345 2767 quibus
1369 2690 1446 2748 iuter
1472 2707 1506 2748 se
1531 2690 1713 2767 comparatis

385 2813 489 2855 omnes
515 2791 685 2872 provincias
711 2808 767 2849 sue
793 2790 920 2848 coucilia
945 2807 1042 2866 euque
1066 2790 1173 2848 iisdem
1194 2791 1258 2848 fere
1277 2791 1392 2868 iegibus
1413 2789 1552 2850 instituta
1572 2790 1714 2850 habuisse

386 2905 525 2973 apparet,
546 2903 660 2951 utnon
682 2891 837 2950 videamur
857 2909 971 2963 errare,
994 2891 1036 2962 si,
1057 2909 1133 2966 quae
1155 2891 1185 2948 in
1207 2910 1267 2951 une
1287 2892 1444 2970 provincie
1463 2892 1624 2952 observate
1644 2909 1714 2950 esse

385 2997 528 3076 legimus,
553 2995 585 3053 in
611 2993 718 3052 ceteris
743 3009 862 3069 quoque
888 2991 918 3050 iu
944 3009 1002 3050 usu
1029 2991 1123 3050 fuisse
1149 2992 1376 3052 coniecerimus.
1419 2991 1509 3065 Quod
1537 2999 1570 3052 ut
1590 2993 1712 3051 demon-

386 3109 529 3170 stremus,
558 3095 685 3171 primurn
706 3111 783 3169 quae
805 3100 926 3152 exstent
946 3093 983 3152 de
1005 3093 1134 3171 singulis
1155 3095 1318 3170 provinciis
1339 3095 1511 3153 testimonie
1530 3111 1591 3152 non
1612 3093 1713 3151 omnia

388 3199 507 3276 quidem
528 3229 569 3239 -
591 3197 648 3254 hoc
669 3195 748 3254 enim
769 3211 830 3252 non
851 3193 1025 3270 profitemur
1047 3179 1085 3236 ’-
1108 3193 1162 3252 sed
1183 3203 1265 3252 certa
1281 3202 1311 3252 et
1324 3196 1485 3271 potissime
1498 3191 1713 3272 proponemus,

385 3297 492 3358 deinde
513 3314 590 3372 quoe
611 3313 650 3354 ex
671 3295 718 3352 his
740 3293 918 3354 testimoniis
940 3295 1118 3368 efficiuntur,
1145 3295 1274 3354 breviter
1295 3294 1481 3372 colligemus.
1524 3297 1572 3354 Aa
1592 3295 1713 3372 provin-

386 3399 501 3459 ciarum
521 3396 641 3473 quiden
663 3395 789 3454 concilia
810 3402 841 3454 et
862 3396 1030 3476 sacerdotio
1050 3397 1125 3455 haec
1146 3405 1430 3454 commemorentur:

473 3501 501 3558 1.
543 3497 700 3556 Hrsreurs
727 3510 876 3554 cucuron
901 3497 964 3555 sive
987 3496 1264 3556 Tuenucounusrs.
1312 3498 1374 3556 Ara
1399 3498 1533 3576 Augusti
1558 3499 1617 3556 inm
1642 3499 1714 3556 rivo

386 3605 566 3676 imperatore
587 3597 759 3656 Tarracone
780 3596 943 3656 constituta
965 3595 1095 3672 (Eckhel
1117 3599 1144 3668 1,
1159 3598 1209 3657 58.
1232 3597 1341 3657 Florea
1362 3597 1536 3657 medellae2
1559 3599 1645 3657 t44.
1661 3597 1712 3656 45.
1793 3609 1799 3622 ’

387 3699 513 3776 Quintil.
530 3698 558 3772 6,
575 3697 604 3772 3,
620 3698 674 3772 ii)
696 3697 839 3774 ternplum
854 3699 920 3757 eius
935 3705 1120 3758 exstructum
1135 3707 1181 3758 est
1198 3717 1227 3757 e.
1242 3699 1278 3758 15
1294 3719 1323 3775 p.
1340 3697 1411 3758 Chr.
1435 3699 1520 3774 (Teo.
1536 3717 1604 3758 ann.
1623 3700 1650 3771 1,
1663 3699 1712 3758 78.

386 3803 424 3863 ci.
445 3799 595 3880 Spartien.
612 3797 706 3858 Hedr.
725 3799 772 3857 12.
796 3798 897 3860 Seuer.
914 3799 956 3876 3).
993 3800 1067 3858 Inde
1089 3797 1127 3858 eb
1149 3799 1207 3858 hoc
1228 3809 1361 3877 tempore
1382 3800 1440 3858 fuit
1452 3800 1625 3859 Tarracone
1647 3818 1713 3858 con-

386 3906 484 3984 cilirem
503 3905 667 3979 prouinciae
681 3902 846 3976 Hispanias
867 3904 1005 3960 citerioris
1028 3901 1083 3978 (ΙΙ,
1098 3899 1189 3959 4127.
1212 3899 1304 3959 4230.
1326 3899 1418 3960 4246.
1441 3901 1522 3959 4255
1544 3901 1582 3958 ci.
1604 3899 1712 3974 4055),

383 4018 499 4066 carator
519 4004 615 4080 templi
636 4001 756 4079 (4202),
779 4001 907 4079 denique
928 4004 1116 4061 sacerdotium
1135 4001 1316 4079 provinense,
1339 4001 1376 4060 de
1397 4019 1457 4077 quo
1472 4001 1631 4080 diligenter
1650 4002 1713 4080 egit

384 4108 565 4169 Huebnerus
587 4104 718 4164 Hermae
740 4103 799 4162 vol.
817 4106 844 4174 1,
863 4104 1003 4179 lllsqq.‚
1026 4100 1061 4162 Ο.
1076 4103 1101 4160 Ι.
1116 4101 1152 4162 L.
1168 4102 1201 4160 11
1221 4122 1251 4180 p.
1268 4102 1337 4162 540.
1353 4103 1424 4161 541.
1461 4102 1643 4179 Appellatur
1664 4103 1714 4160 hic

384 4208 525 4269 sacerdos
547 4207 638 4265 veriis
659 4205 843 4266 nominibus:
869 4205 1004 4263 recedes
1025 4203 1133 4263 Romae
1154 4213 1180 4263 et
1200 4203 1277 4280 Aeg.
1295 4222 1328 4279 p.
1352 4203 1392 4260 H.
1414 4221 1438 4261 c.
1461 4201 1588 4278 (4248),
1604 4204 1710 4276 stamen

383 4311 492 4368 Raucae
513 4307 627 4382 etAap.
648 4327 679 4382 p.
694 4306 734 4364 H.
758 4325 781 4365 c.
805 4303 927 4380 (4225),
942 4307 1050 4382 flamen
1063 4305 1171 4364 Romae
1196 4315 1223 4363 et
1244 4305 1320 4380 Aeg.
1343 4303 1465 4379 (4224),
1480 4306 1588 4378 flamen
1602 4304 1713 4362 Romae

385 4412 514 4466 divorum
535 4419 560 4465 et
574 4406 767 4481 Aupartcram
784 4426 816 4482 p.
832 4406 874 4464 Η.
897 4424 919 4464 c.
944 4404 1049 4480 (4205.
1065 4404 1156 4465 4228.
1172 4404 1263 4465 4235.
1279 4403 1371 4463 4243.
1387 4403 1480 4462 4247.
1495 4402 1586 4463 4240.
1603 4402 1711 4479 4250),

377 4511 486 4582 stamen
506 4507 613 4564 Romae
635 4515 661 4563 et
682 4507 810 4564 divarum
831 4507 1024 4583 deportarem
1040 4525 1074 4583 p.
1095 4507 1136 4565 H.
1159 4525 1182 4564 c.
1208 4505 1334 4582 (4191),
1353 4507 1462 4582 flamen
1484 4506 1612 4562 dicarant
1634 4504 1711 4580 Aap.

380 4626 413 4683 p.
441 4606 481 4664 H.
510 4623 533 4663 e.
563 4605 690 4680 (4230),
711 4607 818 4680 flamen
845 4606 1017 4684 Augustalis
1041 4626 1074 4683 p.
1103 4607 1143 4666 H.
1174 4628 1198 4668 a.
1227 4605 1354 4682 (4223),
1378 4609 1487 4682 flamen
1515 4605 1711 4680 Arcpeetoram

378 4709 509 4784 provinc.
531 4705 573 4763 H.
596 4725 619 4764 e.
643 4705 769 4782 (3329),
791 4709 900 4783 flamen
916 4726 949 4783 p.
972 4708 1013 4766 H.
1036 4726 1059 4766 c.
1082 4705 1178 4784 (4220
1205 4715 1235 4767 et
1256 4707 1403 4784 saepius).
1445 4703 1534 4779 Quod
1561 4724 1621 4764 une
1642 4723 1708 4764 oum

383 4807 502 4866 flamine
530 4807 697 4866 sacerdotio
724 4807 859 4884 fungitur
887 4828 964 4868 uxor
992 4809 1056 4869 eius
1077 4813 1227 4887 flaminica
1255 4809 1365 4884 (4198.
1387 4807 1479 4866 4233.
1501 4805 1593 4865 4236.
1618 4803 1710 4862 4241.

382 4907 475 4967 4242.
495 4908 587 4968 4246.
607 4905 705 4982 4252)
727 4925 763 4967 eo
786 4908 904 4969 demum
931 4920 1066 4987 tempore
1086 4919 1188 4986 potest
1208 4910 1375 4969 institutum
1396 4925 1477 4979 esse,
1499 4925 1560 4983 quo
1581 4905 1711 4964 feminee

382 5026 503 5086 quoque
525 5015 716 5069 consecratae
738 5019 807 5068 sunt
828 5009 879 5086 (ci.
895 5008 933 5068 O.
949 5009 1123 5068 Hirschfeld
1138 5010 1249 5069 Annali
1267 5008 1345 5068 1866
1368 5026 1398 5084 p.
1413 5007 1476 5084 48),
1498 5007 1529 5066 id
1550 5005 1630 5084 quod
1651 5005 1711 5082 pri-

383 5127 463 5166 mum
490 5109 615 5188 contigit
640 5108 736 5168 Iuliae
762 5111 919 5185 Augustae
947 5107 1045 5184 (Suet.
1068 5108 1173 5170 Oleud.
1193 5113 1244 5182 113
1267 5107 1383 5170 Seneca
1403 5109 1520 5187 apocol.
1542 5109 1573 5180 3,
1591 5107 1625 5178 5;
1648 5105 1710 5164 Dio

383 5205 470 5266 Coss.
494 5209 544 5282 60,
559 5211 608 5287 5),
635 5219 739 5288 postea
760 5209 875 5282 multis,
901 5227 977 5286 quae
999 5221 1153 5270 enumerat
1174 5211 1291 5270 Eckhel
1313 5209 1342 5282 8,
1357 5211 1428 5269 463.
