3826 5962
645 631 812 683 nvnnmn
830 631 1072 684 consvsniun.
1449 617 1518 688 195

193 807 250 865 107
277 824 317 864 an
347 803 404 864 108
433 803 583 863 tribuendi
610 813 712 863 essent
732 804 937 864 Mommsenus
963 804 1162 864 dubitaverat.
1205 805 1267 864 Iam
1290 804 1456 865 videbimus
1482 808 1519 866 de

190 907 237 980 iis,
259 925 336 983 quae
357 905 396 964 ad
417 905 624 964 consulatuum
645 915 763 983 tempus
784 904 983 966 definiendum
1004 905 1162 983 pertinent.

274 1005 459 1066 Consulatus
481 1007 512 1065 in
534 1006 622 1067 binos
644 1024 763 1066 menses
785 1027 804 1066 a
817 1006 949 1066 Traiano
971 1007 1058 1066 datos
1080 1025 1147 1068 esso
1168 1017 1199 1066 et
1219 1009 1257 1067 ab
1280 1027 1317 1068 ea
1336 1007 1404 1068 inde
1422 1015 1520 1069 aetate

193 1109 369 1168 consulatus
391 1107 549 1168 bimestres
571 1107 690 1168 initium
709 1109 827 1185 cepisse
842 1107 1060 1167 Brambachius
1082 1109 1197 1168 statuit
1235 1109 1273 1167 Et
1295 1111 1332 1168 de
1353 1127 1433 1169 anno
1455 1111 1521 1188 qui-

192 1209 343 1269 dem100
369 1217 449 1268 recte
475 1210 595 1268 videtur
620 1210 784 1284 iudicasse,
814 1227 881 1268 cnm
909 1209 1047 1268 consules
1076 1211 1130 1286 qui
1157 1229 1193 1269 eo
1220 1229 1298 1270 anno
1327 1211 1425 1271 fasces
1454 1229 1522 1290 ges·

193 1311 271 1370 sisse
298 1308 437 1368 videntur
462 1329 570 1370 norem
598 1310 658 1368 alio
685 1310 774 1370 modo
801 1328 856 1386 per
882 1309 1015 1369 nundina
1041 1312 1093 1370 vix
1120 1312 1240 1388 possint
1265 1311 1415 1372 distributi
1444 1331 1520 1374 esse.

194 1409 275 1470 Nam
296 1413 362 1487 ipse
383 1411 547 1488 imperator
567 1430 622 1489 per
643 1411 777 1470 nundina
797 1412 857 1470 dno
878 1411 976 1471 fasces
998 1413 1131 1484 retinuit,
1153 1412 1302 1472 adiunctis
1324 1414 1381 1472 sibi
1396 1414 1522 1492 collegis

194 1512 225 1570 in
249 1512 377 1570 alterum
400 1509 473 1572 Sex.
494 1511 573 1572 Iulio
595 1512 742 1572 Frontino
755 1512 821 1585 111,
849 1513 880 1570 in
902 1511 1041 1586 alterum,
1069 1520 1104 1571 nt
1124 1513 1250 1586 videtur,
1272 1513 1423 1574 Vestricio
1445 1514 1522 1594 Spu·

194 1613 282 1670 rinna
295 1612 345 1670 Ill
368 1612 419 1690 (cl.
441 1613 610 1674 Mommsen
631 1614 661 1672 in
678 1612 810 1672 Hermae
831 1613 889 1671 vol.
907 1614 924 1671 3
947 1632 976 1689 p.
992 1613 1043 1684 40,
1059 1611 1102 1690 2).
1138 1615 1242 1674 Mense
1264 1624 1364 1674 autem
1386 1613 1521 1692 Septem·

194 1713 240 1772 bri
263 1711 298 1773 O.
320 1713 453 1774 Plinium
475 1711 645 1774 Secundum
668 1723 698 1773 et
720 1712 755 1773 0.
777 1713 887 1772 Iulium
906 1711 1072 1772 Ocrnutum
1087 1713 1255 1774 Tertullum
1276 1717 1418 1776 consules
1438 1736 1522 1794 repe·

194 1815 287 1874 rimus
309 1814 409 1890 (Plin.
432 1833 538 1892 paneg.
559 1814 614 1886 923
637 1815 674 1874 cf.
697 1814 866 1874 Brambacb
888 1833 917 1890 p.
936 1815 974 1872 14
996 1823 1026 1873 et
1045 1813 1212 1874 Mommsen
1233 1816 1254 1874 l.
1269 1835 1294 1875 c.
1316 1837 1345 1894 p.
1364 1819 1430 1894 91),
1451 1819 1521 1878 item

194 1915 230 1974 L.
252 1914 395 1974 Roscium
416 1917 575 1975 Aelianum
601 1923 632 1975 et
653 1916 700 1975 Ti.
724 1899 884 1975 Claudium
909 1913 1099 1976 Sacerdotem
1121 1935 1149 1975 a.
1171 1917 1199 1975 d.
1222 1917 1287 1976 1111
1307 1917 1452 1978 kalendas
1475 1919 1522 1978 la-

195 2017 315 2074 nuarias
338 2016 407 2091 (Or.
424 2016 508 2093 782).
544 2017 581 2076 ln
603 2017 737 2076 nundina
756 2017 848 2093 igitur
869 2017 927 2075 tria
948 2035 1014 2076 cum
1036 2016 1175 2077 distribui
1196 2029 1346 2094 nequeant
1366 2020 1430 2078 eius
1452 2023 1523 2080 anni

196 2117 344 2190 consules,
367 2119 392 2176 si
415 2127 495 2177 recte
516 2119 644 2178 Acutius
660 2116 764 2177 Nerva
784 2118 862 2176 inter
882 2135 936 2177 eos
958 2127 1141 2190 recensetur,
1163 2139 1200 2178 ne
1222 2120 1251 2178 in
1274 2129 1436 2195 quaternos
1457 2121 1523 2196 qui·

195 2217 262 2275 dem
296 2237 415 2278 menses
444 2218 592 2297 designati
621 2237 688 2278 esse
717 2229 859 2296 possun13
893 2219 995 2295 itaque
1022 2219 1180 2278 ann0100
1207 2221 1341 2280 nundina
1369 2221 1523 2282 bimestris

195 2317 289 2376 luisse
313 2319 469 2395 probabile
494 2329 549 2380 est
592 2322 636 2380 At
662 2330 772 2380 temere
798 2321 868 2378 inde
890 2318 1108 2379 Brambacbius
1129 2321 1252 2398 collegit
1272 2323 1431 2382 bimestres
1452 2341 1523 2383 con-

195 2418 311 2478 sulatus
339 2421 511 2480 aTraiano
537 2422 675 2499 coepisse
701 2421 790 2481 stab
812 2439 848 2480 eo
869 2419 938 2480 inde
960 2429 1093 2498 tempore
1115 2422 1274 2493 mansisse,
1303 2443 1369 2482 cunr
1392 2423 1524 2483 nundina

195 2519 350 2580 bimestria
376 2521 465 2581 etiam
488 2523 652 2595 anteriore,
680 2531 711 2582 et
738 2521 971 2598 quadrimestria
997 2529 1027 2580 et
1054 2522 1218 2582 trimestria
1242 2523 1332 2582 etiam
1358 2515 1523 2600 posteriore

196 2631 326 2699 tempore
348 2624 378 2681 in
400 2625 601 2684 monumentis
622 2629 898 2684 commemorentur.

277 2723 317 2780 Et
338 2725 512 2784 consulatus
533 2725 652 2802 quidem
674 2724 908 2801 quadrimestres
923 2724 970 2784 vel
993 2725 1050 2784 sub
1065 2724 1197 2782 Traiano
1219 2723 1313 2783 luisse
1334 2735 1524 2784 monumenta

196 2823 329 2882 indicant
350 2825 419 2884 anni
437 2825 505 2898 107,
532 2843 593 2902 quo
615 2823 652 2884 1..
674 2823 809 2886 Licinius
832 2823 911 2886 Sura
925 2825 988 2897 111,
1016 2822 1053 2898 Q.
1077 2823 1185 2885 Sosius
1208 2823 1334 2886 Senecio
1351 2825 1383 2884 ll
1405 2825 1524 2884 ordina·

196 2925 257 2984 rios
278 2925 376 2986 fasces
398 2937 565 3004 gesserunt,
586 2927 725 2986 Minicius
747 2935 848 2986 autem
870 2925 1034 2986 Fundanus
1057 2933 1087 2984 et
1101 2925 1280 2986 Vettennins
1302 2923 1433 2988 Severus
1455 2945 1524 2987 con·

197 3026 281 3084 eules
302 3037 572 3086 commemorantur
593 3028 690 3106 pridie
711 3027 858 3087 kalendas
879 3027 972 3086 lulias
994 3026 1069 3102 (tab.
1085 3027 1155 3087 bon.
1174 3027 1259 3087 miss.
1273 3027 1525 3106 weissenburg),

197 3127 336 3187 kalendis
358 3130 507 3206 Augustis
531 3129 729 3204 (v1‚630=
748 3127 800 3188 Or.
820 3128 925 3205 1588),
948 3128 1043 3204 pridie
1065 3129 1131 3188 idus
1146 3129 1303 3206 Angustos
1326 3129 1447 3204 (Marini
1466 3130 1523 3189 129

200 3253 236 3278 =
254 3228 307 3287 Or.
324 3228 429 3306 2471).
472 3229 636 3290 Fundanus
659 3230 751 3307 igitur
772 3240 802 3288 et
824 3225 954 3290 Severus
977 3229 1364 3302 mensibnslnnio,1ulio,
1387 3233 1524 3308 Augusto

197 3347 264 3389 cnm
289 3331 477 3390 consulatum
506 3332 668 3408 gesserint,
695 3331 747 3407 qni
775 3349 892 3391 menses
919 3331 1060 3391 nundinis
1087 3349 1183 3408 neque
1210 3332 1404 3392 semestribus
1430 3349 1540 3408 neque.

197 3431 395 3491 trimestribus
423 3433 618 3504 conveniunt,
646 3437 749 3508 utpote
773 3451 850 3509 quae
872 3433 960 3491 linem
983 3433 1108 3492 nundini
1128 3433 1282 3509 requirant
1302 3434 1379 3509 prid.
1401 3435 1432 3492 k.
1454 3433 1525 3505 Iul,

198 3534 430 3608 quadrimestres
452 3533 522 3592 anni
544 3533 626 3592 illius
648 3533 825 3593 consulatus
847 3533 940 3594 luisse
961 3533 1120 3592 manifesto
1141 3540 1275 3610 apparet.
1313 3535 1404 3592 Anno
1425 3543 1524 3592 antem

201 3633 255 3690 101
280 3635 440 3694 trimestria
460 3633 593 3693 nundina
613 3633 744 3694 luerunt.
780 3633 929 3695 Consules
950 3625 1030 3693 enim
1051 3634 1193 3692 ordinarii
1214 3653 1281 3694 cum
1304 3641 1406 3694 essent
1419 3635 1526 3694 Traia·

198 3751 256 3792 nna
276 3735 341 3794 IIII
367 3733 455 3809 etQ.
478 3736 663 3796 Articuleiua
685 3735 813 3808 Paetus,
839 3735 922 3795 illius
949 3736 980 3794 in
1006 3734 1104 3794 locum
1126 3753 1197 3794 mcx
1219 3735 1361 3796 suffectus
1384 3745 1431 3796 est
1452 3735 1525 3798 Sex.

198 3835 302 3894 Attius
324 3832 512 3909 Suburanus,
540 3839 593 3913 qui
614 3845 684 3896 ante
705 3836 784 3896 diem
807 3837 881 3907 Ylll
902 3834 1048 3894 kalendas
1068 3835 1188 3910 Apriles
1210 3855 1270 3894 una
1291 3855 1358 3894 cum
1380 3836 1473 3896 Paeto
1495 3839 1525 3896 in

199 3937 274 3994 actis
302 3937 461 3996 Arvalium
489 3947 747 3997 commemoratur.
796 3936 904 4013 Neque
932 3947 1031 3995 tamen
1059 3937 1090 3994 bi
1119 3937 1198 3994 ultra
1224 3953 1358 3996 mensem
1385 3937 1525 3996 Martium

199 4037 311 4096 bonore
331 4038 424 4097 functi
445 4049 528 4111 aunt,
558 4057 626 4098 cnm
653 4047 722 4098 anta
750 4038 828 4098 diem
849 4036 895 4096 VI
922 4036 1067 4095 kalendas
1088 4036 1185 4096 Maias
1208 4034 1245 4108 Q.
1269 4035 1417 4098 Servaeus
1439 4038 1526 4096 Inve-

197 4137 277 4196 nalia
297 4145 327 4196 et
347 4139 387 4197 M.
404 4139 536 4198 Maecius
552 4138 642 4200 Oeler
662 4141 801 4200 consules
822 4139 979 4198 laudentur
999 4139 1146 4197 mensium
1167 4137 1281 4196 scilicet
1301 4136 1426 4212 Aprilis,
1442 4137 1525 4208 Maii,

198 4238 287 4297 lunii.
336 4237 454 4313 Quibus
481 4241 585 4318 quiin
606 4259 724 4302 menses
746 4241 869 4312 lulium,
891 4230 1070 4318 Augustum,
1092 4237 1295 4314 Septembrem
1317 4237 1526 4310 successerint,

199 4339 384 4417 ignoramus:
412 4359 466 4417 per
492 4359 610 4402 menses
635 4353 735 4402 autem
758 4341 935 4412 Octobrem,
956 4340 1171 4412 Nouembrem,
1192 4338 1389 4398 Decembrem
1411 4339 1447 4398 L.
1469 4341 1526 4398 Ar·

198 4441 315 4499 runtins
337 4439 435 4502 Stella
460 4450 490 4500 et
510 4441 547 4500 L.
569 4443 668 4502 lulius
690 4443 823 4502 Marinus
846 4440 996 4502 Caecilius
1019 4439 1155 4519 Simplex
1177 4440 1315 4500 consules
1336 4440 1471 4512 luerunt,
1500 4441 1527 4500 si

198 4540 317 4616 quidem
343 4551 423 4601 recte
449 4542 519 4602 huic
546 4561 626 4603 anno
652 4543 791 4603 tn'buitur
812 4543 914 4604 tabula
935 4549 1113 4620 patronatus
1135 4561 1154 4600 a
1174 4541 1416 4602 Ferentinatibus
1438 4543 1528 4602 Pom-

198 4641 288 4717 ponio
311 4641 409 4702 Basso
430 4643 533 4730 oblata
554 4643 623 4720 (Or.
640 4645 716 4716 7843
743 4644 780 4704 01.
807 4643 975 4703 Mommsen
996 4643 1027 4702 in
1049 4642 1181 4703 Hermae
1203 4644 1295 4702 vol.3
1319 4663 1347 4721 p.
1367 4642 1423 4703 123
1438 4643 1527 4720 seq).

200 4739 382 4802 Consularis
401 4744 494 4820 igitur
515 4745 648 4804 nundina
661 4745 796 4804 Traiano
817 4746 982 4820 imperante
1002 4744 1194 4803 inveniuntur
1214 4752 1244 4802 et
1264 4743 1417 4804 bimestris
1433 4754 1463 4803 et
1477 4745 1528 4802 tri-

199 4843 324 4901 mestria
348 4853 378 4900 et
403 4844 647 4920 quadrimestria,
675 4855 706 4905 et
731 4865 768 4903 ne
794 4846 851 4903 hoc
875 4845 994 4921 quidem
1017 4843 1134 4904 definiri
1156 4853 1270 4920 potest,
1299 4863 1446 4921 quaenam
1469 4843 1528 4902 sol-

198 4941 308 5001 lemnia
328 4943 449 5016 luerint,
474 4964 543 5004 cum
564 4945 601 5004 de
623 4945 697 5006 solia
719 4945 809 5006 niam
830 4963 934 5004 corum
956 4962 1112 5018 annorum,
1134 4945 1249 5005 scilicet
1272 4943 1341 5003 100.
1366 4944 1433 5002 101.
1459 4943 1529 5016 101,

199 5043 340 5103 nundinis
360 5045 435 5104 satis
456 5045 579 5124 liqueat.

248 5147 253 5155 '
281 5143 364 5204 ldem
385 5145 447 5205 lere
469 5148 660 5208 statuendum
677 5148 714 5208 de
728 5148 854 5225 imperio
869 5146 1025 5206 Hadriani.
1064 5145 1207 5220 Quicum
1222 5167 1302 5206 anno
1317 5145 1375 5205 118
1390 5163 1456 5204 oum
1473 5143 1527 5204 On.

199 5241 334 5304 Pedanio
355 5245 457 5308 Fusco
480 5245 650 5308 Salinatore
674 5249 772 5308 lasces
793 5247 961 5308 ordinarios
983 5249 1178 5326 suscepisset,
1205 5249 1293 5308 etiam
1317 5245 1412 5325 pridie
1433 5263 1529 5306 nonas
