3858 5960
348 539 395 610 tn
921 549 1104 603 normann

347 729 408 788 Hic
434 727 539 787 titulus
567 727 680 785 relatus
710 726 789 800 apud
812 723 960 783 Orellium
987 743 1017 781 n.
1034 722 1072 780 57
1100 721 1174 780 mihi
1203 721 1325 796 quidem
1353 721 1419 796 ipse
1448 719 1544 778 falsus
1566 719 1684 777 videtur

348 847 430 900 esse;
457 837 536 886 certe
561 827 640 886 male
667 826 774 885 dicitur
799 825 963 901 imperator
989 822 1199 881 Diocletianus
1226 820 1340 881 Caesar
1366 822 1521 897 Angustus
1549 829 1579 879 et
1604 820 1683 879 mule

348 930 510 989 cohaerent
535 929 645 986 omnia.
690 924 750 986 Sed
777 935 810 984 nt
835 945 901 984 eam
929 925 1136 1000 quaestionem
1165 922 1301 980 ulteriori
1327 922 1459 980 examini
1486 939 1683 994 reservemus,

349 1031 405 1088 hoc
426 1029 549 1088 dubium
570 1047 630 1086 non
652 1035 698 1085 est
715 1025 948 1086 Gutenstenium
969 1035 999 1083 et
1019 1025 1210 1101 imperatoris
1231 1023 1353 1081 nomina
1373 1033 1484 1081 temere
1506 1022 1683 1081 emendasse

350 1136 381 1189 et
412 1130 545 1202 sublata,
577 1148 654 1204 qnae
687 1127 810 1186 thermis
843 1145 949 1202 parum
982 1125 1142 1184 convenire
1169 1125 1329 1196 videretur,
1360 1124 1581 1200 dactyliothece
1613 1124 1685 1182 snb·

352 1231 485 1290 stituisse
507 1231 698 1307 nympheum.

435 1331 502 1390 Hoc
529 1329 790 1407 interpolationum
817 1346 912 1406 genus
938 1347 1004 1386 cum
1027 1328 1157 1404 primum
1180 1326 1303 1404 agnovi,
1331 1345 1390 1384 non
1419 1326 1494 1383 satis
1522 1325 1552 1382 id
1578 1325 1685 1405 distin·

351 1449 445 1508 gneus
467 1432 505 1489 ab
527 1430 806 1508 interpolationibus
828 1430 1060 1504 antiquioribus,
1088 1427 1118 1485 id
1140 1427 1261 1498 estiis,
1288 1445 1365 1502 quae
1386 1427 1537 1502 profectae
1559 1443 1599 1484 ex
1621 1426 1683 1502 syl-‘

352 1532 431 1608 logis
453 1533 572 1607 scriptis
594 1531 716 1590 saeculo
731 1529 790 1588 XV
813 1538 874 1588 tum
897 1549 962 1588 cum
985 1529 1151 1587 scribebam
1174 1529 1271 1586 adhuc
1292 1527 1454 1587 latentibus
1476 1528 1605 1604 primum
1628 1545 1683 1603 pn-

352 1633 428 1691 blico
450 1632 545 1690 editae
568 1639 638 1690 sunt
658 1632 688 1690 in
706 1649 830 1708 corpore
845 1632 1051 1700 Mazoehiano,
1073 1631 1170 1688 erravi
1185 1648 1245 1687 non
1260 1629 1296 1688 de
1311 1629 1425 1699 fraude,
1448 1631 1501 1687 sed
1517 1630 1554 1687 de
1568 1629 1683 1688 fraudis

353 1733 468 1809 origine
495 1740 525 1790 et
545 1739 652 1791 aetate.
696 1732 760 1790 Iam
788 1751 854 1790 curn
876 1732 1010 1807 syllogas
1032 1731 1100 1788 illas
1121 1731 1351 1807 cognoverimus
1378 1731 1556 1807 perscrutati
1579 1730 1685 1788 biblio·

354 1835 472 1903 thecas,
501 1833 621 1891 videant
649 1832 670 1890 ii
696 1834 747 1909 qui
775 1833 877 1891 titulos
905 1834 1036 1890 urbanos
1063 1839 1295 1910 recognoscunt,
1324 1851 1394 1890 num
1422 1832 1486 1891 fieri
1512 1831 1625 1909 possit,
1653 1841 1686 1890 ut

355 1935 483 2009 demptis
510 1933 806 2010 interpolationibus,
834 1950 909 2008 quas
937 1951 956 1990 a
985 1931 1182 1992 Gutenstenio
1211 1933 1361 2008 proiectas
1387 1950 1454 1992 esse
1483 1933 1556 1992 mihi
1582 1933 1687 1992 videor
1719 2011 1725 2020 ⁸

356 2035 594 2107 demonstrasse,
622 2033 863 2094 (lutensteniana
890 2053 926 2091 ea
953 2034 989 2092 de
1018 2035 1128 2109 quibus
1155 2033 1274 2112 agimus
1300 2034 1424 2092 redeant
1451 2035 1489 2092 ad
1517 2033 1687 2111 Oarpeusia

355 2136 410 2194 illa
435 2145 576 2213 excerpta
603 2137 733 2211 itemque
754 2136 943 2194 Mazochium
972 2135 1086 2193 aditum
1112 2153 1179 2192 cum
1202 2135 1418 2210 supplementis
1441 2137 1560 2212 scriptis
1582 2135 1686 2193 Metel·

355 2237 458 2295 lionis:
480 2244 513 2296 ut
534 2237 653 2294 tandem
675 2237 836 2312 aliquando
858 2237 994 2310 quiescat
1015 2235 1120 2294 umbra
1141 2235 1270 2295 molesta
1291 2237 1402 2294 codicis
1424 2237 1513 2295 istius
1527 2235 1687 2294 cardinalis

357 2335 530 2414 Oarpensis,
553 2339 608 2396 snb
623 2355 684 2412 qno
698 2337 818 2396 nomine
832 2355 910 2413 quae
922 2337 1012 2394 hodie
1027 2338 1286 2407 circumferuntur,
1308 2355 1345 2394 ea
1358 2337 1496 2413 equidem
1511 2355 1688 2414 persuasum

357 2438 453 2496 habeo
482 2449 534 2496 aut
555 2439 691 2516 vulgaria
716 2457 783 2498 esse
809 2446 861 2496 aut
881 2456 980 2497 meras
1003 2456 1099 2514 nugas
1121 2457 1140 2494 a
1164 2437 1363 2497 Guteusteuio
1385 2438 1580 2516 excogitatas.
1623 2437 1688 2496 Eos

358 2549 457 2598 autem
486 2540 604 2612 titulos,
632 2538 683 2614 qui
711 2539 821 2615 prolati
849 2558 917 2597 cum
944 2539 1091 2596 eiusmodi
1117 2539 1292 2597 anctoritate
1317 2539 1510 2598 nihilominus
1534 2540 1644 2598 absunt
1670 2557 1690 2597 a

358 2640 478 2698 schedis
501 2641 621 2716 scriptis
637 2640 826 2710 Metellinum,
849 2657 925 2716 quas
948 2639 1110 2698 secundnm
1133 2657 1267 2716 eaquae
1289 2639 1419 2698 diximus
1441 2641 1500 2698 iam
1523 2639 1596 2698 satis
1618 2657 1689 2698 eon-

358 2749 418 2798 stat
439 2748 499 2800 tarn
522 2741 625 2816 plenas
645 2758 713 2799 esse
735 2741 824 2798 hodie
846 2741 876 2798 in
898 2741 1080 2799 bibliotheca
1096 2739 1243 2799 Vaticana
1264 2759 1354 2816 quam
1376 2742 1498 2800 fuerunt
1519 2741 1598 2817 apud
1618 2740 1689 2798 Val-

358 2841 473 2912 laeum,
501 2851 581 2901 totos
602 2842 688 2900 fictos
707 2861 774 2900 esse
796 2842 925 2900 arbitror
947 2861 965 2899 a
988 2840 1202 2914 Gutenstenio,
1232 2843 1321 2918 idque
1342 2843 1463 2918 quidam
1485 2849 1564 2901 certe
1585 2859 1688 2900 eornm

360 2942 542 3002 absurditate
563 2942 697 3020 insignes
719 2943 837 3018 egregie
859 2943 1045 3002 confirmant.
1088 2942 1230 3018 Exempli
1251 2961 1343 3002 causa
1365 2943 1458 3020 selegi
1480 2944 1567 3002 hunc.

468 3071 568 3123 Romae
587 3071 614 3121 in
634 3071 711 3121 domo
731 3071 791 3121 Iulii
809 3071 944 3121 Matthaei.

513 3163 566 3212 Pro
590 3163 671 3212 salute
696 3163 792 3212 reditus
811 3162 865 3210 divi
885 3163 939 3212 Titi
958 3161 1032 3211 Caes.
1057 3161 1111 3216 divi
1128 3163 1191 3226 imp.
1211 3163 1364 3227 Vespasiani
1383 3163 1454 3227 Aug.
1474 3163 1493 3212 1⁴.
1514 3161 1546 3224 Q.
1565 3161 1690 3213 Lebedus

510 3251 596 3302 Rufus
614 3268 665 3302 sac.
686 3253 728 3301 dei
747 3253 867 3302 Herculis
885 3269 910 3318 p.
931 3268 951 3302 s.
971 3269 997 3318 p.

471 3341 545 3394 Grnt.
562 3343 623 3404 113,
638 3345 655 3393 4
672 3333 793 3394 ‘Grutero
805 3343 926 3392 Metellus
945 3358 959 3392 e
979 3359 1026 3394 ms.
1043 3344 1100 3394 cod.
1115 3345 1207 3394 Franc.
1221 3341 1305 3405 [imno
1316 3343 1413 3406 fratris]
1426 3343 1536 3394 Iucundi
1549 3345 1593 3408 qui
1606 3335 1691 3394 vidit’.

362 3453 470 3514 Nonne
496 3457 536 3529 is,
565 3457 618 3533 qui
647 3457 695 3514 hic
722 3457 855 3515 venditat
880 3465 952 3515 vota
977 3459 1080 3516 nescio
1108 3477 1186 3535 quae
1212 3476 1266 3535 pro
1293 3458 1354 3516 divi
1380 3458 1569 3533 imperatoris
1595 3458 1693 3517 reditu

363 3570 505 3634 suscepta
530 3558 640 3634 quique
666 3558 845 3634 gemmulam
869 3577 1021 3635 perraram
1044 3559 1157 3632 invenit
1178 3559 1305 3618 salutem
1326 3579 1387 3618 nou
1408 3559 1612 3635 imperatoris,
1640 3558 1693 3618 sed

362 3657 490 3730 reditus,
518 3658 607 3734 plane
632 3658 712 3716 idem
737 3667 799 3731 est,
826 3677 914 3734 quem
936 3678 1028 3737 snpra
1049 3660 1177 3719 vidimus
1199 3661 1338 3736 genetivo
1357 3661 1485 3720 Pietatis
1507 3678 1562 3737 pro
1583 3659 1694 3718 Pietati

363 3757 484 3830 offendi,
505 3759 713 3836 imperatorem
731 3757 893 3819 Caesarem
915 3762 1015 3819 dirum
1030 3760 1160 3820 Nervam
1176 3761 1340 3822 Traianum
1363 3779 1468 3822 secure
1490 3759 1695 3838 concoquere?

364 3859 455 3918 Addo
477 3868 642 3919 monstrum
664 3861 822 3938 gemellum
844 3872 874 3920 et
896 3871 994 3922 taceo:

472 3989 571 4042 Rcmse
590 3991 617 4040 iu
636 3991 733 4056 palatio
753 3991 891 4041 cardinalis
911 3991 1065 4043 Genuensis.

517 4082 646 4132 Felicitati
665 4095 723 4146 aug.
743 4089 769 4132 et
787 4083 963 4146 providentiae
982 4083 1036 4132 divi
1057 4083 1111 4133 Titi
1130 4083 1192 4146 ὶιιιρ.
1206 4083 1361 4148 Vespasiani
1381 4083 1448 4148 Aug.
1468 4083 1488 4132 i.
1506 4083 1613 4132 sublatis
1632 4096 1693 4146 pop.

517 4173 592 4224 Rom.
605 4168 701 4224 hostib.
716 4174 940 4238 perniciosissimis
955 4174 984 4224 C.
998 4175 1089 4224 Aelius
1103 4174 1241 4227 Successus
1254 4175 1284 4224 L.
1298 4174 1421 4226 Cocceius
1434 4173 1509 4224 Felix
1522 4189 1542 4223 s.
1556 4189 1581 4238 p.
1594 4171 1613 4222 f.
1627 4187 1649 4222 c.

476 4263 549 4315 Gmt.
565 4265 627 4326 244,
642 4266 657 4314 8
675 4255 803 4315 ‘Gntenst
823 4279 837 4314 s
857 4280 903 4314 ms.
923 4256 1044 4315 Metelli'.

449 4377 479 4434 4.
524 4374 630 4435 Smetii
651 4377 769 4454 sylloge
791 4379 913 4454 scripta,
935 4381 1013 4437 unde
1034 4389 1177 4455 excerpta
1197 4379 1442 4455 supradiximus
1465 4377 1627 4438 Grutenrm
1649 4395 1696 4436 ac·

367 4485 454 4550 cepta
479 4477 591 4534 referre
618 4495 684 4534 cum
709 4477 850 4556 Scioppio
877 4488 939 4538 tum
961 4480 1137 4555 praesertim
1160 4479 1375 4552 Guteustenio,
1403 4499 1471 4538 cum
1493 4479 1591 4538 adhue
1615 4485 1699 4537 extet

368 4585 488 4634 servata
513 4575 601 4634 hodie
626 4577 656 4634 in
678 4578 857 4638 bibliotheca
877 4581 998 4657 publica
1018 4580 1220 4658 Neapolitana
1241 4581 1320 4657 (cod.
1337 4581 1372 4640 V.
1395 4581 1431 4640 Ε.
1455 4581 1557 4657 bloi.)
1585 4587 1615 4638 et
1637 4588 1700 4638 tota

368 4685 471 4734 nostra
497 4693 589 4734 causa
615 4684 747 4738 excussa
774 4681 828 4752 sit,
858 4699 913 4740 uec
933 4683 1006 4740 mihi
1028 4701 1082 4740 nec
1104 4682 1184 4759 quod
1206 4683 1298 4742 sciam
1321 4681 1422 4761 operis
1445 4681 1538 4742 sociis
1559 4699 1700 4757 umquam

369 4775 399 4834 in
422 4778 572 4854 excerptis
588 4777 777 4838 Gruterianis
799 4780 1044 4857 interpolationes
1067 4801 1100 4841 se
1121 4783 1344 4861 obtulerunt1).
1380 4783 1508 4843 Videtur
1528 4784 1621 4861 igitur
1637 4779 1701 4841 Gu-

370 4913 575 4924 ——ss

448 4985 471 5049 ¹)
499 4987 602 5038 Monuit
614 4987 778 5040 Bormannns
795 4990 863 5039 tituli
875 4991 922 5052 VI,
939 4991 1009 5041 1025
1024 5011 1057 5033 =
1073 4991 1147 5043 Grut.
1163 4992 1225 5055 261,
1241 4993 1256 5044 5
1277 4991 1336 5044 diuo
1354 4989 1484 5044 Commodo
1503 4997 1552 5043 cet.
1572 5005 1631 5042 cnm
1650 4989 1700 5039 tria

372 5084 460 5128 extent
478 5079 511 5128 de
529 5079 616 5144 lapide
636 5085 745 5143 excepta
763 5082 882 5146 exempla
900 5081 992 5133 Smetii
1010 5081 1038 5132 in
1057 5098 1104 5133 mr.
1123 5084 1169 5133 illo
1187 5085 1376 5150 Neapolitano,
1400 5083 1502 5135 Budaei
1521 5080 1590 5146 apud
1608 5079 1700 5131 Metel·

370 5167 437 5230 lum,
458 5168 606 5234 Cittadinii,
631 5171 719 5224 omnic
738 5171 813 5221 flnire
835 5174 863 5222 iu
881 5171 1006 5224 vocabulo
1025 5171 1187 5226 Philumenae
1206 5183 1232 5226 et
1249 5177 1338 5228 abesse
1357 5177 1390 5226 ab
1409 5177 1441 5226 iis
1459 5174 1600 5226 clausulam
1619 5169 1645 5222 d.
1665 5169 1702 5234 d,
