3826 5962
400 647 476 718 214
649 659 878 724 nsnovsnuu
895 659 943 712 on
962 659 1065 712 cono.
1084 660 1131 711 su
1150 657 1350 712 snouuuou.
1369 657 1475 712 rnov.

400 845 471 898 suut
492 834 640 914 perpetui,
667 833 758 894 suuni
779 849 847 893 esse
868 831 982 904 solent,
1010 841 1074 890 turn
1094 832 1175 908 quod
1196 830 1244 890 ius
1263 831 1313 890 vel
1333 831 1476 890 tendendi
1498 831 1547 890 vel
1568 835 1729 894 uoeusundi

399 937 565 1016 praesides,
586 934 668 1012 quod
689 935 749 994 iem
770 933 828 994 sub
848 932 953 1010 primis
974 933 1205 1009 imperatoribus
1226 932 1377 992 hebebant
1397 932 1526 992 coneilio
1548 931 1637 1008 (Tuo.
1659 953 1727 993 uun.

402 1041 455 1112 15,
472 1037 527 1114 tt)
554 1038 645 1116 piune
672 1035 779 1095 inutile
805 1035 929 1106 fuisset,
955 1034 1015 1092 nisi
1042 1034 1203 1110 quotannis
1230 1033 1391 1092 eonsilium
1417 1034 1617 1093 convenisset.
1663 1035 1728 1094 lum

400 1158 471 1200 vero
499 1137 671 1200 testimonio
692 1144 826 1209 eoustst,
848 1134 1106 1211 Tripolitanorum
1127 1133 1288 1194 eoncilium
1308 1134 1407 1194 fuisse
1426 1153 1572 1207 anuum,
1598 1137 1730 1212 itemque

401 1240 598 1301 Germaniam
619 1247 649 1298 et
667 1237 817 1296 Etruriam
840 1254 954 1295 euuuos
977 1235 1118 1294 habuisse
1141 1234 1326 1306 sacerdotem
1349 1234 1533 1311 eundemque
1553 1255 1617 1296 rem
1637 1245 1731 1296 tento·

400 1353 449 1400 tur
471 1342 560 1400 etium
583 1339 704 1399 saeculo
725 1339 829 1414 quinto
852 1339 1064 1412 imperatorum
1080 1334 1208 1394 Honorii
1229 1345 1259 1394 et
1273 1334 1441 1394 Theodosii
1461 1335 1637 1396 constitutio
1659 1341 1730 1396 enni

401 1442 472 1512 418,
495 1441 534 1500 ad
556 1447 669 1518 septem
687 1437 807 1498 Galliae
829 1437 1092 1513 provincianis.
1116 1436 1154 1494 ed
1175 1435 1336 1494 dioecesim
1352 1435 1554 1496 Viennensem
1577 1439 1729 1514 pertinens

401 1542 533 1619 (floenel
555 1539 646 1618 Oorp.
669 1539 727 1618 leg.
757 1558 786 1616 p.
803 1537 878 1614 238>
905 1537 991 1596 euius
1018 1537 1092 1596 hseo
1113 1537 1205 1596 verbs
1232 1546 1315 1596 sunt:
1344 1555 1430 1613 quum
1451 1549 1571 1614 propter
1594 1543 1728 1614 priuatas

401 1662 436 1702 ao
454 1643 587 1720 publicas
608 1645 785 1701 necessitates
808 1641 844 1698 rie
865 1639 987 1714 einpuiio
1010 1637 1181 1709 civitatibus,
1204 1657 1259 1697 non
1282 1638 1371 1698 solum
1386 1639 1421 1697 de
1436 1642 1593 1714 provinciis
1608 1641 1729 1716 rinpuiis

401 1745 441 1802 ad
467 1760 581 1804 eramen
609 1742 834 1818 magnificentiae
861 1751 926 1797 urae
953 1739 998 1796 uel
1025 1739 1178 1797 honoratos
1207 1741 1345 1814 contuere
1371 1739 1417 1798 vel
1443 1743 1517 1799 mitti
1543 1741 1650 1816 ἱεραῖσι
1679 1753 1729 1800 aut

397 1861 595 1920 meteororum
621 1842 732 1900 utilitas
760 1851 811 1899 aut
833 1839 1015 1916 publicarum
1041 1843 1116 1898 ratio
1142 1842 1238 1914 eripat
1256 1840 1453 1913 functionum,
1480 1843 1599 1900 manium
1624 1861 1728 1918 oppor-

402 1956 498 2004 tunum
519 1953 545 2002 et
567 1941 740 2001 conducibile
762 1941 936 2011 iudicamur,
959 1951 999 2010 ut,
1020 1948 1134 1998 emota
1151 1940 1275 2015 posthae
1297 1944 1449 2016 quotannis
1470 1942 1593 2017 stnpulie
1614 1960 1729 2002 conrue-

401 2047 506 2114 tudine,
529 2046 678 2102 constituto
700 2051 832 2117 tempore,
853 2045 884 2098 in
905 2040 1132 2116 metropolitana,
1154 2041 1187 2098 tu
1207 2051 1248 2099 eet
1268 2044 1298 2099 in
1313 2040 1478 2100 Arelatensi
1491 2043 1569 2112 urbe,
1590 2047 1729 2120 incipiunt

402 2155 505 2222 septem
521 2145 691 2222 prouinciae
713 2143 814 2202 iubere
834 2141 993 2200 renalium.

485 2245 518 2321 5)
541 2253 668 2316 constet,
691 2260 750 2302 nou
772 2243 873 2302 omnio
893 2243 1067 2324 provinciae
1089 2242 1200 2319 oppido
1222 2242 1261 2302 od
1282 2243 1440 2304 concilium
1462 2245 1582 2306 misisse
1602 2247 1727 2324 legatos,

403 2347 457 2407 sed
478 2355 590 2405 eertum
612 2361 767 2402 numerum
781 2361 883 2402 eurum
898 2344 1062 2414 civitatum,
1083 2343 1193 2419 quibus
1207 2343 1325 2402 minore
1339 2344 1451 2422 oppidu
1464 2347 1606 2408 attribute
1620 2357 1727 2409 essent

400 2449 465 2510 lise
485 2447 621 2506 civitates
641 2445 674 2504 in
690 2441 800 2504 Galliis
821 2443 917 2503 tribus
938 2461 1062 2502 numero
1083 2443 1167 2502 suere
1189 2442 1238 2515 64,
1260 2445 1292 2502 in
1306 2429 1429 2504 Etrurie
1445 2445 1493 2518 15,
1515 2447 1546 2505 in
1561 2447 1658 2524 Lycio
1679 2448 1729 2510 23.

401 2547 645 2609 Consentaneum
666 2545 756 2622 igitur
777 2551 831 2618 est,
854 2545 891 2603 sd
913 2544 1040 2603 coneilio
1061 2542 1233 2620 provinciae
1255 2561 1375 2620 quoque
1389 2546 1579 2624 pertinuisse,
1601 2551 1685 2624 quod
1699 2551 1731 2610 in

400 2649 553 2728 plerisque
577 2645 739 2724 provinciis
765 2655 864 2705 certus
889 2661 1031 2705 uumerus
1053 2645 1206 2703 eivitstum
1227 2645 1409 2704 constitutus
1430 2644 1500 2718 iuit,
1527 2647 1559 2706 in
1580 2649 1658 2707 Asia
1679 2652 1730 2722 44,

402 2751 431 2809 in
457 2749 556 2808 Ponto
578 2749 757 2825 Bithyniueo
782 2749 835 2821 11,
862 2747 894 2806 in
922 2747 1018 2805 Ponto
1040 2745 1255 2804 Polemonioeo
1278 2747 1312 2817 6,
1338 2744 1369 2803 in
1391 2743 1509 2824 Cyrene
1532 2749 1561 2806 5.
1606 2748 1666 2810 Sed
1692 2751 1729 2809 de

402 2851 457 2909 heo
487 2851 710 2926 provinciarum
743 2847 876 2910 omnium
909 2848 1061 2907 communi
1092 2847 1279 2906 institutione
1313 2847 1493 2926 explicatius
1526 2848 1656 2909 dicendi·
1670 2851 1730 2910 ulia

402 2949 521 3010 debitur
541 2950 670 3010 oeensio.

1422 3085 1451 3144 -1.
1475 3085 1684 3154 Msuovnnur.
