3812 5960
603 612 901 666 OBSERVATIONES
918 613 1038 665 EPICR.
1058 613 1097 665 11.

717 785 758 842 Μ.
782 782 902 843 Silanus

443 883 1143 978 Μ
1166 918 1314 980 Claudiai

404 1031 407 1038 ·
478 1017 541 1058 cos.
566 999 625 1058 739

341 1237 382 1295 Μ.
396 1233 517 1294 Silanus
530 1081 568 1282 ab
581 1231 718 1290 Domitia
778 1199 1518 1300 mm

578 1313 725 1373 Calvina?
778 1313 812 1373 C.
829 1314 850 1372 f.
866 1315 906 1372 M.
923 1337 951 1372 n.
1010 1315 1044 1374 C.
1063 1317 1161 1374 teos.
1225 1319 1314 1379 lanus
1375 1319 1471 1381 Silani
1486 1325 1507 1382 i.

748 1397 970 1466 coatss=10
1005 1397 1167 1456 768--15
1362 1403 1518 1482 Torquata

203 1567 336 1626 Aemilia
358 1593 395 1620 υ
419 1564 461 1622 M.
477 1561 597 1624 Silanus
609 1562 650 1620 M.
666 1563 686 1620 i.
765 1559 800 1620 C.
824 1478 942 1638 Apipius
1046 1482 1134 1622 lubia
1156 1593 1193 1620 υ
1217 1563 1253 1624 C.
1269 1563 1385 1626 Caesar

210 1647 329 1724 Lepida
468 1646 642 1720 Torquatus
794 1642 916 1703 Silanus
1015 1643 1167 1704 Claudilla
1266 1649 1336 1724 imp.

188 1732 343 1808 proneptis
431 1747 493 1788 cos.
510 1728 569 1786 tta
584 1753 621 1778 =
638 1727 674 1786 19
750 1743 811 1783 cos.
823 1725 971 1786 781=as

200 1815 332 1890 Augusti

232 2019 272 2076 Μ.
289 2017 412 2077 Silanus
465 2015 501 2074 L.
518 2014 641 2075 Silanus
657 2015 733 2072 Tor·
778 2014 938 2072 Clanius
981 2015 1068 2072 lunia
1082 2015 1198 2090 Lepida
1239 2017 1325 2076 Iunia
1338 2019 1379 2078 M.
1397 2019 1492 2080 Silani

201 2100 444 2160 nutus767=i4
486 2107 594 2174 quatus
610 2098 650 2154 M.
667 2095 712 2156 Si·
798 2094 920 2156 Silanus
993 2095 1088 2156 Silani
1111 2097 1187 2156 Tor·
1278 2101 1299 2158 t'.
1323 2099 1450 2161 Calvina

258 2202 320 2242 cos.
343 2183 383 2241 46
491 2181 553 2238 lani
566 2180 597 2250 1.,
613 2187 701 2238 natus
770 2179 942 2254 Torquatus
978 2180 1061 2256 quati
1076 2179 1096 2236 i.
1112 2190 1206 2255 nupta
1261 2192 1354 2259 nupta
1367 2182 1404 2242 L.
1420 2185 1466 2244 Vi·

458 2283 485 2321 a.
501 2270 553 2320 aut
568 2261 605 2320 23
622 2269 675 2318 aut
690 2260 739 2334 27,
800 2279 862 2320 cos.
886 2262 923 2320 53
1015 2259 1050 2320 C.
1067 2259 1174 2320 Cassio
1327 2267 1411 2326 tellio

452 2363 582 2422 sponsus
598 2343 743 2404 Octaviae
1027 2344 1165 2422 Longino

473 2427 591 2487 Claudii
606 2427 678 2502 imp.
692 2425 713 2484 f.

213 2583 249 2642 L.
264 2584 367 2642 lanius
383 2579 430 2642 Si·

203 2666 290 2724 lanus
306 2665 443 2742 Torqua·

249 2759 296 2806 tus
318 2747 392 2818 †65

195 2895 265 2954 Non
291 2897 458 2974 recepimus
481 2893 515 2954 C.
543 2895 663 2954 Iunium
686 2892 721 2953 C.
749 2893 769 2952 i.
794 2893 929 2954 Silanum
956 2912 1017 2954 eos.
1040 2914 1067 2953 a.
1085 2895 1159 2968 738,
1188 2913 1247 2956 non
1270 2897 1338 2957 ausi
1360 2905 1427 2960 cam
1450 2898 1523 2959 Bor·

193 2996 301 3074 ghesio
330 3015 513 3072 praenomen
541 2996 635 3070 patris
665 3015 703 3053 ex
734 2993 811 3054 Gaio
839 2996 870 3052 in
899 2995 1033 3054 Marsum
1061 3003 1191 3069 mutare,
1219 3016 1274 3057 nec
1294 3001 1391 3078 magis
1418 3000 1455 3060 L.
1479 3001 1525 3062 Si-

192 3098 283 3156 lanos
305 3095 380 3154 duos
402 3096 574 3154 consulatus
596 3097 752 3171 petitorem
776 3115 802 3154 a.
820 3096 878 3154 733
902 3095 1042 3167 alterum,
1065 3097 1191 3156 alterum
1214 3100 1367 3158 consulem
1389 3120 1414 3159 o.
1431 3121 1458 3160 a.
1474 3101 1523 3161 at.

193 3199 357 3257 Praeterea
372 3194 409 3269 Q.
426 3194 574 3256 Caecilius
589 3197 629 3255 Μ.
645 3197 665 3254 t‘.
682 3197 821 3255 Metellus
838 3194 975 3255 Creticus
990 3198 1093 3256 consul
1114 3218 1140 3257 a
1157 3219 1185 3257 u.
1201 3219 1227 3258 c.
1244 3199 1304 3258 760
1317 3225 1354 3250 =
1371 3220 1400 3278 p.
1417 3200 1489 3262 Chr.
1506 3204 1523 3261 7

194 3307 293 3358 aetate
320 3305 478 3372 provectus
502 3298 561 3356 iam
589 3307 619 3356 et
645 3295 813 3356 consularis
840 3297 1001 3374 adoptatus
1028 3299 1068 3356 sit
1092 3317 1213 3359 necesse
1234 3309 1283 3359 est
1303 3319 1322 3358 a
1343 3301 1430 3360 Iunio
1452 3321 1525 3378 quo·

194 3398 264 3458 dam
292 3397 409 3471 Silano,
441 3399 520 3456 ande
555 3399 621 3474 ipae
654 3408 761 3474 postea
790 3398 898 3456 dieitur
925 3396 1046 3458 Silanus
1076 3400 1216 3470 Creticus,
1242 3400 1306 3458 filia
1331 3403 1411 3473 eius,
1440 3405 1526 3462 cuius

196 3499 326 3576 elogium
353 3519 448 3575 nuper
473 3499 584 3575 optima
611 3498 742 3557 restituit
762 3498 924 3558 Heuaenus
953 3498 1003 3574 (iu
1030 3501 1105 3558 actis
1133 3501 1216 3558 acad.
1239 3499 1339 3560 Berol.
1362 3503 1527 3562 minoribus

199 3599 288 3672 1866,
309 3598 394 3675 247),
416 3599 556 3657 defuncta
577 3619 603 3659 c.
619 3617 646 3656 a.
665 3599 712 3671 19,
735 3617 800 3656 cam
824 3617 938 3675 sponsa
959 3609 1039 3658 esset
1053 3600 1185 3660 Neronis
1201 3601 1373 3660 Germanici
1387 3602 1419 3675 i.‚
1440 3603 1528 3662 Iaaic

197 3700 338 3774 Silonis.
367 3699 451 3774 (vide
477 3717 553 3774 quae
575 3699 639 3756 dixi
661 3700 692 3757 in
713 3699 843 3758 Hermae
865 3698 958 3756 volt
982 3721 1010 3776 p.
1031 3700 1117 3776 126);
1144 3711 1175 3760 at
1197 3721 1263 3760 eum
1286 3721 1323 3760 ne
1344 3701 1381 3760 de
1403 3721 1528 3779 praeno·

198 3801 277 3858 mine
299 3801 416 3876 quidem
440 3807 572 3871 constet,
600 3799 713 3858 frustra
731 3800 917 3874 quaerimus,
940 3801 1060 3874 quinam
1084 3819 1123 3859 ex
1145 3799 1258 3860 Silanis
1280 3821 1345 3860 eum
1368 3803 1528 3879 adoptarit.

199 3901 336 3976 Denique
359 3901 394 3959 de
418 3899 529 3959 Silonis
549 3898 709 3960 Castalios
732 3919 792 3958 non
814 3900 910 3956 babeo
932 3901 1013 3974 quod
1034 3901 1142 3958 addam
1165 3902 1347 3959 enarrationi
1369 3901 1530 3977 Borghesii

198 4001 232 4077 (l.
248 4021 272 4059 o.
296 4020 324 4076 p.
341 4000 416 4074 214)
443 4001 641 4076 probabiliter
662 4019 715 4058 eos
737 3999 898 4076 repetentis
921 4017 940 4055 a
962 3998 1001 4057 D.
1025 3997 1129 4058 Silano
1150 3999 1243 4058 fratre
1265 4001 1423 4059 consulum
1445 4021 1472 4059 a.
1491 4003 1529 4059 10

197 4111 228 4160 et
245 4101 292 4160 15.
338 4101 418 4160 Eum
444 4101 547 4160 liberis
573 4108 722 4159 carentem
752 4099 913 4174 adoptasse
939 4099 1034 4156 videri
1061 4099 1154 4156 filium
1183 4097 1238 4156 Cn.
1267 4099 1388 4157 Lentuli
1415 4098 1529 4160 Gaetu-

198 4203 249 4262 lici
269 4202 404 4261 consulis
431 4219 459 4258 a.
475 4200 514 4258 26
542 4200 584 4276 (v.
608 4209 735 4259 stemma
755 4199 965 4259 Corneliorum
991 4199 1071 4274 quod
1092 4197 1227 4257 dedimus
1248 4199 1264 4256 I
1285 4219 1314 4275 p.
1335 4199 1392 4274 14)
1419 4201 1530 4260 dictum

197 4313 356 4380 propterea
377 4302 417 4360 D.
439 4301 558 4360 Iunium
581 4299 716 4360 Silanum
732 4298 932 4372 Gaetulicum,
954 4317 1033 4358 anno
1048 4319 1077 4375 p.
1093 4297 1165 4358 Chr.
1183 4299 1220 4358 63
1243 4309 1395 4375 receptam
1416 4303 1448 4358 iu
1469 4301 1528 4360 col-

198 4404 310 4479 legium
343 4401 463 4478 aliquod
494 4401 595 4460 nobile
622 4400 825 4470 sacerdotum
858 4401 896 4459 ab
930 4401 987 4459 boc
1013 4409 1115 4458 natum
1142 4418 1210 4459 esse
1237 4401 1277 4458 M.
1306 4401 1426 4460 lunium
1451 4399 1530 4460 Sila·

199 4523 270 4562 num
291 4503 445 4560 Lutatium
468 4499 625 4571 Catulum,
654 4501 738 4560 ouius
760 4501 892 4559 deiuncti
914 4519 992 4559 anno
1015 4501 1121 4560 aetatis
1142 4501 1284 4561 vicesimo
1307 4501 1402 4578 primo
1424 4502 1530 4562 titulus

198 4610 333 4679 repertas
361 4611 408 4661 est
433 4603 464 4659 in
490 4601 627 4678 sepulcro
650 4599 825 4678 Scipionum
848 4601 957 4676 (Orell.
979 4601 1064 4676 660).
1108 4598 1228 4660 Silanos
1251 4611 1330 4660 certe
1354 4599 1530 4663 Gaetulicus

198 4705 276 4762 inter
301 4703 446 4779 patricios
475 4702 607 4760 adiectos
636 4719 703 4760 esse
731 4701 800 4760 inde
826 4701 990 4776 colligitur,
1021 4701 1102 4776 quod
1127 4701 1176 4759 bic
1201 4701 1310 4760 saliare
1331 4703 1530 4764 sacerdotium

199 4805 311 4862 habuit.
355 4801 486 4880 Stirpem
514 4821 579 4862 eam
608 4803 647 4860 sd
668 4801 794 4860 Traiani
815 4809 942 4858 aetatem
970 4801 1094 4858 durasse
1116 4800 1300 4879 Borghesius
1326 4812 1407 4862 recte
1433 4803 1533 4862 effecit

199 4923 238 4963 ex
259 4905 327 4963 loeo
348 4903 502 4962 Iuvenalis
526 4903 555 4976 8,
571 4902 625 4974 263
647 4903 685 4960 ad
708 4901 838 4977 Augusti
860 4910 958 4959 autern
980 4900 1151 4976 progeniem
1174 4920 1211 4960 es
1231 4920 1291 4960 nou
1311 4902 1463 4978 pertinuit.

283 5005 411 5063 Restant
442 5004 520 5062 duae
552 5003 794 5074 observationes,
827 5001 922 5058 altera
956 5001 992 5057 de
1020 5001 1228 5060 coniunctione
1256 5020 1334 5076 quae
1361 5002 1533 5060 intercessit

199 5105 277 5164 inter
297 5105 404 5170 Iunios
427 5103 547 5164 Silanos
574 5113 604 5163 et
624 5103 756 5162 Manlios
778 5100 967 5176 Torquatos,
1000 5099 1095 5159 altera
1124 5101 1162 5160 de
1188 5101 1341 5162 affinitate.
1359 5119 1450 5177 quam
1479 5119 1530 5160 vo-

200 5205 378 5265 luntiuisse
399 5205 568 5264 interillos
590 5213 621 5264 et
643 5201 788 5263 Claudios
811 5201 963 5279 patricios.
1006 5199 1047 5259 Et
1067 5199 1150 5260 illius
1172 5200 1291 5277 quidem
1313 5199 1531 5260 coniunctionis

1286 5301 1305 5358 3
