3858 5960
699 601 749 654 DE
767 600 912 655 utsvus
932 599 1088 654 sums.

813 765 847 827 ‘0
870 765 974 849 δ]ιῐμοσ

678 861 831 936 Ουίβιδῖιιν
851 863 943 954 aspris
963 859 1106 950 παρθὲνον

645 961 775 1053 Σὲξτιιιιΐ
797 962 965 1049 Οὗιβιδ]ιίυ
986 962 1140 1055 Οὗῖρρωνοσ

665 1061 821 1153 θυγατῖριι
840 1062 1012 1150 εὖ]τιβιιίις
1031 1059 1121 1130 ἕνεκα.

229 1230 331 1304 Atque
350 1245 384 1285 rs
398 1243 470 1284 vcra
480 1222 603 1282 Vibidis
617 1223 702 1300 virgo
712 1222 847 1282 Vestalis
868 1221 1000 1281 maxims
1020 1238 1099 1281 anno
1114 1221 1154 1280 48
1169 1239 1199 1298 p.
1215 1219 1286 1282 Chr.
1307 1233 1556 1286 commemoratur

230 1347 250 1386 a
267 1327 376 1386 Tacito
397 1325 455 1396 XI,
469 1323 519 1383 32.
536 1324 585 1397 34,
607 1341 698 1400 quarn
719 1322 843 1382 candem
864 1339 932 1382 csse
952 1339 1020 1381 cum
1040 1322 1095 1380 ills
1115 1340 1151 1380 eo
1172 1323 1282 1382 certius
1303 1333 1359 1397 est,
1380 1325 1461 1401 qnod
1481 1345 1556 1402 gens

230 1426 353 1486 Vibidia
373 1442 496 1502 perraro
517 1424 548 1482 in
569 1423 664 1482 titulis
685 1429 716 1483 st
735 1422 816 1501 apud
838 1423 1001 1500 scriptores
1021 1429 1183 1500 comparet.
1219 1422 1359 1483 Vibidius
1373 1424 1463 1484 Virro
1484 1446 1556 1487 nus-

230 1545 320 1606 quam
341 1526 524 1597 nominatum
546 1533 578 1583 at
598 1523 721 1583 Tacitus
744 1524 823 1582 Anu.
844 1521 939 1595 11‚48
961 1523 1109 1582 intereos
1131 1530 1295 1596 senatores,
1317 1543 1393 1600 quos
1415 1525 1555 1586 Tiberius

230 1644 309 1686 auno
330 1627 367 1684 17
387 1646 418 1702 p.
434 1624 507 1685 cnr.
533 1631 656 1702 propter
681 1643 745 1683 rem
770 1622 949 1682 familiarem
974 1623 1068 1682 nimia
1092 1623 1216 1681 luxuria
1242 1625 1421 1686 exhaustam
1449 1636 1555 1687 senatu

230 1727 337 1799 movit,
359 1725 511 1785 Vibidium
534 1725 689 1785 Varronem
712 1723 842 1784 exbibet.
886 1719 987 1796 Quare
1011 1742 1079 1783 cum
1106 1731 1158 1782 ant
1184 1725 1374 1784 statuendum
1400 1728 1440 1786 sit
1459 1730 1556 1806 gentis

230 1825 372 1886 Vibidiae
397 1835 458 1886 tum
484 1827 632 1898 obscurae
658 1843 694 1884 sc
719 1843 814 1903 paene
838 1823 959 1902 ignotae
983 1822 1059 1883 duas
1088 1823 1184 1883 inisse
1211 1824 1357 1899 familias,
1384 1845 1461 1903 quse
1486 1847 1556 1906 cog-

231 1928 352 1987 nomina
372 1927 525 1986 simillima
537 1925 684 1986 Vsrronis
705 1931 735 1982 et
748 1923 885 1983 Virronis
906 1925 1086 2002 gessissent,
1115 1933 1166 1984 ant
1186 1944 1206 1983 a
1224 1925 1347 1984 librario
1368 1927 1446 2003 apud
1468 1928 1556 1987 Taci-

231 2035 295 2086 tnm
321 2028 410 2087 huius
437 2027 622 2106 cognominis
650 2023 776 2084 inauditi
799 2024 866 2083 loco
886 2024 962 2084 illud
982 2025 1014 2084 in
1035 2023 1101 2084 eliis
1122 2026 1263 2102 gentibus
1284 2026 1556 2103 frequentissimum

232 2127 426 2187 substitutum
451 2143 535 2199 esse,
563 2145 651 2186 nemo
677 2124 840 2197 dubitabit,
866 2125 939 2202 quin
966 2125 1037 2204 boc,
1065 2126 1147 2201 quod
1172 2127 1339 2203 posteriore
1362 2127 1430 2186 loco
1457 2130 1557 2207 posui,

231 2228 319 2287 unico
339 2246 454 2300 rerum,
474 2228 602 2304 ideoque
623 2227 705 2304 apud
719 2225 858 2285 Tacitum
878 2225 962 2286 Virro
984 2243 1038 2303 pro
1056 2226 1150 2285 Varro
1171 2227 1392 2286 rescribendum
1414 2229 1462 2288 sit.
1499 2228 1557 2289 Ce-

231 2336 327 2387 terum
355 2336 452 2388 utrum
474 2328 523 2386 hic
536 2327 675 2387 Vibidius
690 2326 781 2386 Virro
802 2327 881 2386 idem
903 2327 944 2385 sit
964 2345 1032 2385 cum
1052 2332 1138 2402 patre
1158 2327 1283 2406 virginis
1298 2327 1433 2388 Vestalis
1453 2348 1557 2402 necne,

230 2446 288 2505 pro
313 2437 395 2487 certo
419 2427 479 2486 dici
507 2427 620 2503 nequit.
661 2426 699 2485 Id
728 2445 819 2486 unum
845 2426 945 2486 dicere
971 2425 1056 2500 licet,
1083 2435 1250 2504 temporum
1271 2429 1404 2488 rationes
1424 2447 1485 2489 non
1506 2432 1557 2489 ob-

232 2537 322 2588 stare.
365 2526 445 2590 Snus
469 2545 529 2587 nou
554 2525 733 2588 credendum
760 2535 820 2600 cst,
846 2535 1007 2604 postquam
1028 2533 1113 2604 pater
1134 2545 1171 2586 cs
1190 2528 1354 2604 ignominia
1373 2531 1412 2588 ab
1432 2530 1557 2605 impera·

232 2637 297 2687 tore
323 2629 450 2688 affectus
477 2635 537 2700 est,
569 2637 604 2687 ut
631 2635 737 2688 senatu
763 2636 946 2699 moveretur,
973 2625 1066 2685 tiliam
1093 2626 1239 2704 virginem
1258 2628 1411 2688 Vestalem
1438 2637 1557 2707 coptam

233 2747 310 2788 csse.
353 2725 414 2788 Sed
434 2745 504 2787 cum
517 2728 642 2788 Vibidiu
661 2729 717 2788 illa
736 2746 815 2788 anno
835 2747 865 2804 p.
881 2724 952 2787 cur.
968 2725 1008 2786 48
1029 2733 1101 2786 natu
1122 2727 1255 2786 maxima
1275 2746 1314 2786 cx
1335 2729 1474 2788 omuibus
1489 2719 1573 2789 Vir-¹

232 2829 351 2905 ginibus
365 2829 541 2889 Vestalibus
562 2829 665 2902 inerit,
678 2828 764 2906 ·qnid
784 2827 922 2904 impedit,
944 2826 1103 2904 quominus
1125 2845 1191 2884 sem
1211 2827 1272 2886 iam
1293 2834 1362 2886 ante
1384 2847 1493 2888 annum
1519 2829 1555 2887 lt

232 2949 263 3008 p.
278 2928 361 3002 Oba,
382 2931 451 3008 plus
472 2949 562 3007 quam
583 2949 644 2989 nno
665 2937 695 2990 st
716 2929 839 3005 triginta
859 2927 946 2990 annis
968 2935 1046 2999 ante,
1068 2925 1099 2986 iu
1120 2946 1222 2986 carum
1239 2947 1393 2986 numerum
1407 2939 1558 3006 receptam

233 3029 419 3090 statuamus?
454 3029 503 3089 Ne
524 3030 555 3089 id
576 3030 695 3108 quidem
716 3028 873 3088 diiudicari
892 3037 1001 3106 potest,
1022 3047 1095 3088 num
1110 3026 1221 3089 Sextus
1232 3027 1372 3088 Vibidius
1383 3029 1485 3104 Virro,
1507 3031 1559 3107 qui

232 3130 265 3189 in
286 3130 380 3190 altero
400 3131 488 3190 titulo
502 3131 604 3190 Attico
625 3140 682 3203 cst,
702 3131 782 3190 idem
802 3130 842 3189 sit
862 3148 931 3189 cnm
953 3136 1091 3190 senatore
1111 3129 1176 3202 illo,
1196 3129 1280 3190 cuius
1301 3149 1483 3207 praenomen
1497 3132 1557 3192 Τιι-

233 3232 310 3290 citus
332 3247 392 3290 uon
414 3233 507 3306 addit,
528 3241 559 3291 et
578 3240 664 3310 patre
686 3231 810 3310 virginis
825 3229 969 3290 Vestalis.

317 3333 346 3392 3.
389 3331 479 3391 Basis
500 3333 657 3392 marmoris
679 3329 839 3408 Hymetti,
866 3330 1048 3391 occidentem
1070 3348 1174 3391 versus
1200 3331 1429 3410 aPropylssis.
1472 3334 1559 3393 Titu-

234 3431 296 3488 lum
322 3431 415 3491 edidit
438 3432 570 3492 Pittakis
593 3427 662 3508 Ἐφ.
689 3424 762 3514 cipp,-
785 3430 876 3492 2118.
919 3431 1016 3492 Bcule
1041 3434 1152 3512 Acrop.
1172 3432 1205 3491 11
1231 3451 1261 3510 p.
1277 3431 1355 3505 348,
1383 3434 1480 3494 denuo
1508 3435 1559 3494 de·

235 3531 355 3610 scripsit
374 3530 414 3592 U.
435 3531 585 3594 Koebler:

684 3660 711 3690 υ

656 3735 734 3790 ΩΝι.
880 3763 906 3791 υ

685 3834 1097 3894 ΠΟΠΗΙΙΙΙΟΥΝΙΗΕ....(.

627 3935 968 3992 ΖΒΕΥΤΟΥΤΩΙ
1038 3934 1099 3992 WB

550 4051 563 4090 t
628 4032 991 4093 ΖΤΡΑΤΙΗΙΙΓΟΥΜΙΗΝΙ
1044 4035 1066 4088 Ρ

627 4134 933 4190 ΤΟΣΕΡΙΤΟΥΣΟ
1019 4133 1164 4192 ‘stitivit

629 4235 922 4291 ΔΙΟΚΛΕΟΥἱΤΟῚ
935 4233 1173 4294 ἻΙΗΙΙΛΙΖΤΙΗ

629 4335 989 4390 ΛΑΔΟΥΧΟΥΦΙΛΟΚΑΙ
1000 4337 1047 4390 {A
1057 4336 1102 4390 PC

628 4435 797 4491 ΤΑΤΡΙΔΟ
806 4435 908 4490 ΣΤΟΥ
917 4433 1173 4493 ΚΑΙΕΙΝΣΗΓΙΙΙΙ

543 4551 569 4592 to
722 4535 926 4590 ΕΠΙΙΕΡΕΙΑΣ
951 4536 1077 4591 ΙΟΥΝΙΑ

721 4635 906 4690 ΜΕΓΙΣΤΗΣ
937 4635 1060 4691 ΤΗΣΖΗ

722 4733 913 4790 {omnent
948 4735 1077 4790 ΘΥΓΑΤ

238 4888 371 4967 Tempus
400 4890 600 4951 certissimum
626 4897 681 4950 est.
724 4885 858 4948 Nomius
883 4887 961 4947 euim
987 4888 1105 4948 Dioclis
1126 4887 1325 4951 Themistocli
1349 4889 1480 4951 dadnchi
1507 4891 1562 4949 lilii

237 4988 283 5065 (et
302 4990 428 5066 quidem
444 4991 508 5050 illic
528 5008 649 5068 quoque
667 4989 769 5048 addito
784 4989 956 5072 φιλοκαῒπιρ
969 4977 1018 5046 καὶ
1030 4979 1223 5074 potiremur),
1244 4999 1275 5050 et
1287 4991 1393 5050 luuiae
1407 4991 1562 5070 Megisten

237 5089 370 5150 Zenonis
386 5087 542 5151 Suuieusis
562 5089 653 5163 tiliae,
675 5107 752 5167 quac
772 5089 822 5148 hic
843 5107 903 5148 non
925 5089 1044 5166 quidem
1066 5090 1157 5167 plens
1176 5097 1305 5162 exstant,
1326 5089 1440 5150 sedita
1453 5101 1563 5162 amen,

238 5197 271 5250 ut
297 5189 335 5251 de
362 5190 407 5264 cis
434 5189 563 5251 dubitari
583 5199 727 5268 nequeat,
754 5189 944 5251 inveniuntur
964 5189 1053 5252 ctiam
1071 5184 1139 5270 'sp
1160 5184 1234 5274 ιίρχ.
1259 5190 1316 5264 79,
1342 5191 1454 5268 quoin
1475 5189 1562 5250 titulo
1675 5181 1677 5188 “
