3750 5990
633 562 682 614 un
708 562 852 616 mavum
879 563 1033 618 annom.
1418 545 1492 618 253

169 729 275 790 literae
296 735 322 788 Ω
349 747 417 792 esse
437 739 550 809 potest,
576 753 673 812 neque
701 737 831 812 spatium
860 735 979 794 sufficit.
1006 767 1048 778 —
1075 733 1175 808 Quum
1198 735 1328 796 honores
1349 738 1381 796 in
1402 739 1493 799 titulo

169 829 272 892 Attico
300 832 420 909 (contra
449 840 540 911 atque
571 835 603 893 in
632 834 806 912 Tiburtino)
837 835 882 894 ita
906 835 1063 926 perscripti
1089 836 1164 908 sint,
1196 843 1230 896 ut
1255 855 1274 896 a
1301 838 1425 897 minimo
1453 840 1492 898 ad

170 933 301 992 maiores
327 932 517 1006 ascendatur,
548 953 646 1011 neque
670 944 794 1012 propter
825 935 935 1014 lapidis
963 937 1179 996 mutilationem
1204 937 1359 998 diiudicari
1385 939 1494 1016 possit,

170 1049 260 1109 quam
280 1033 376 1092 multa
395 1035 485 1094 etiam
503 1045 574 1111 post
593 1035 774 1113 legationem
787 1036 962 1096 Africanam
983 1037 1096 1115 scripta
1116 1037 1236 1110 fuerint,
1258 1037 1380 1098 dubium
1402 1039 1495 1099 rideri

169 1133 281 1210 possit,
308 1141 408 1194 utrum
433 1153 537 1196 omnes
563 1137 693 1198 honores
714 1137 843 1197 maiores
864 1138 924 1198 iam
945 1138 977 1196 iu
997 1139 1057 1198 hoc
1077 1139 1165 1198 titulo
1187 1140 1352 1198 enumerati
1372 1141 1493 1211 fuerint,

170 1250 210 1292 an
236 1233 263 1293 is
290 1233 449 1295 Tiburtino
474 1236 530 1296 illo
556 1238 710 1315 aliquanto
739 1238 891 1315 antiquior
917 1239 965 1298 sit
1010 1237 1099 1313 Quod
1123 1247 1224 1299 tamen
1248 1239 1426 1300 diiudicatur
1453 1259 1493 1302 ex

169 1353 198 1394 v.
222 1333 252 1407 t,
272 1335 325 1394 ubi
344 1331 439 1414 Sept
456 1331 608 1422 Ἀδριανοῦ
627 1340 771 1416 scriptum
791 1339 881 1399 fuerit
895 1358 1018 1400 necesse
1038 1350 1094 1400 est.
1125 1340 1233 1416 Itaque
1254 1340 1411 1401 duodecim
1432 1343 1495 1403 fere

170 1441 223 1494 aut
244 1436 334 1496 etiam
354 1437 491 1514 pluribus
518 1439 604 1499 aunis
624 1449 694 1518 poet
718 1441 907 1500 consulatum
929 1441 994 1518 (qui
1014 1442 1077 1502 fere
1103 1443 1133 1501 iu
1155 1461 1267 1503 annum
1290 1444 1348 1504 127
1370 1463 1400 1521 p.
1423 1442 1495 1503 Ohr.

170 1533 287 1612 incidit)
308 1536 412 1597 titulus
427 1539 582 1599 dedicatus
603 1549 660 1612 est,
680 1559 842 1619 omnesque
863 1543 953 1602 iidem
968 1543 1096 1603 honores
1111 1545 1163 1622 qui
1179 1546 1210 1605 iu
1225 1545 1384 1606 Tiburtino
1406 1545 1495 1605 etiam

170 1635 202 1696 iu
223 1635 281 1696 hoc
301 1637 405 1714 scripti
427 1639 524 1699 fuisse
544 1639 691 1700 videntur.

255 1737 304 1798 11.
330 1719 422 1800 Baais
442 1739 564 1802 inventa
583 1741 615 1800 iu
635 1741 837 1802 Parthenone.
879 1743 936 1804 Ed.
958 1744 1088 1806 Pittakis
1108 1741 1175 1822 Ἐφ.
1198 1742 1271 1831 ἁρχ.
1295 1747 1365 1807 781.

766 1897 791 1939 Δ

705 1887 975 2291 Q

673 2086 970 2142 ΜΑΡΚΕΛΛΟΝΠΡΕ

672 2186 954 2245 ΚΑΙὶΑΡΟΣΣΕΙΙΝΙ

671 2287 950 2347 ΑΡΕΤΗΣΕΝΕΙΙΙΝ

648 2303 1004 2477 attemptentur}

254 2519 293 2579 Iu
313 2519 371 2580 hcc
390 2521 479 2580 titulo
499 2521 685 2582 restituendo
707 2523 737 2581 id
758 2542 849 2582 unum
870 2525 1013 2584 incertum
1034 2522 1129 2581 videri
1150 2529 1259 2598 potest,
1281 2522 1369 2598 quale
1389 2540 1496 2582 nomen

171 2621 281 2698 gentile
295 2640 324 2680 v.
341 2619 358 2678 2
373 2621 544 2697 ponendum
565 2623 613 2682 sit
646 2623 696 2682 Ex
714 2625 752 2684 iis
767 2633 866 2682 autem
880 2625 1019 2702 gentihus
1034 2641 1158 2698 quarum
1174 2623 1296 2681 nomina
1310 2640 1329 2680 a
1343 2622 1437 2680 literis
1452 2639 1497 2681 raa

170 2722 326 2798 incipiunt,
348 2740 408 2781 una
428 2733 484 2794 est,
506 2725 537 2782 iu
558 2741 618 2800 qua
633 2724 844 2783 Marcellorum
865 2741 1029 2800 cognomen
1050 2723 1262 2800 imperatorum
1284 2729 1381 2781 aetate
1403 2722 1497 2782 fuisse

171 2823 313 2882 sciamus.
358 2821 474 2884 Consul
495 2825 565 2882 anni
594 2825 634 2884 80
655 2843 685 2900 p.
709 2823 779 2884 Ohr.
805 2825 837 2883 in
868 2825 956 2882 titulo
989 2822 1237 2882 Orelli-Henzen
1265 2822 1346 2882 5428
1372 2828 1498 2882 vocatur

172 2921 207 2982 Ο.
231 2923 355 2984 Mamvs
379 2925 574 2984 Munonuuvs
602 2923 736 2984 Octaviae
757 2923 878 2982 Rebliaa
903 2923 1018 2984 Cluviae
1039 2925 1147 3000 Bassus,
1175 2925 1218 2983 ita
1243 2933 1276 2982 ut
1300 2924 1389 2982 etiam
1410 2943 1497 3001 prae·

171 3041 279 3084 nornen
299 3024 433 3094 iudicare
454 3024 601 3094 videatur,
627 3025 706 3083 huno
727 3022 860 3083 eiusdem
881 3024 1013 3083 familiae
1035 3043 1101 3085 esee
1121 3043 1189 3084 cum
1209 3023 1261 3082 illc
1284 3025 1336 3101 qui
1357 3024 1388 3083 in
1409 3024 1498 3083 titulo

171 3128 275 3186 Attico
296 3133 352 3186 est.
387 3125 550 3184 Praeterea
569 3124 612 3196 11,
631 3123 710 3183 1004
732 3123 834 3184 Morio
854 3123 934 3202 Ms.
950 3124 1094 3186 Marcella
1113 3125 1272 3186 invenitur.
1309 3122 1409 3203 Quare
1424 3123 1498 3201 quin

172 3227 370 3305 supplendum
391 3227 432 3287 sit

710 3377 745 3437 Ὀ
768 3375 868 3458 δῆμος

690 3473 777 3540 Γαίον
796 3474 916 3567 Μᾶ[ριον

650 3573 818 3665 Μάρκελλον
830 3577 1031 3665 ·πρε[σβευτῆν

651 3677 796 3767 Καῖσαρος
816 3675 990 3760 Σεβαστοῦ

627 3775 752 3868 ’ἀρετῆς
773 3773 876 3861 ἕνε[κεν

579 3875 628 3943 καὶ
650 3878 815 3969 εὐεργεσίας
835 3887 886 3954 τῆς
907 3885 959 3961 [ris
984 3879 1091 3944 ἓαυτόν.

175 4039 212 4080 eo
233 4021 331 4082 minua
352 4020 547 4082 dubitandum
568 4032 625 4096 est,
646 4021 727 4100 quod
748 4021 980 4081 execratione
1001 4038 1061 4097 qua
1081 4034 1222 4077 versuum
1243 4017 1329 4076 initia
1350 4017 1500 4094 disposite
1521 4085 1522 4090 ἵ

176 4129 246 4183 sunt
271 4123 309 4182 de
334 4141 438 4184 eorum
462 4123 668 4202 magnitudine
694 4123 768 4181 satie
794 4129 876 4181 certa
903 4121 1074 4180 coniectura
1098 4119 1165 4178 fieri
1192 4126 1302 4195 potest.
1349 4115 1434 4176 Haec
1461 4117 1498 4178 de

175 4225 391 4303 supplementis
406 4223 568 4285 sufficiant:
590 4225 651 4283 iam
667 4223 704 4284 de
717 4233 851 4300 tempore
864 4221 1030 4281 videamus.
1064 4218 1133 4293 Qua
1152 4219 1184 4277 iu
1201 4239 1235 4279 re
1255 4217 1356 4276 omnia
1368 4215 1500 4293 pendent

173 4345 213 4386 ex
239 4345 266 4385 v.
290 4327 308 4386 3
335 4318 480 4408 Καίσαρος
501 4317 683 4401 Σεβαστοῦ.
725 4323 762 4382 In
788 4323 888 4383 officio
914 4321 1003 4400 legati
1025 4321 1157 4398 Augusti
1182 4337 1238 4397 pro
1263 4326 1402 4394 praetore
1423 4317 1499 4376 iudi-

174 4425 271 4487 cando
293 4426 372 4487 solet
392 4426 511 4504 quidem
534 4427 632 4484 solum
653 4443 762 4484 nomeu
783 4416 947 4490 Σεβαστοῦ
968 4422 1117 4494 adhiberi3
1146 4420 1200 4480 sed
1225 4436 1285 4478 non
1306 4437 1376 4478 raro
1398 4417 1500 4477 omnia

175 4534 226 4585 aut
257 4527 401 4604 primaria
434 4533 515 4588 certe
549 4527 614 4586 eius
648 4525 838 4602 imperatoris
872 4525 956 4584 cuius
991 4525 1108 4603 legatus
1145 4531 1192 4582 eet
1226 4519 1347 4580 uomina
1381 4537 1500 4579 enume-

176 4635 289 4686 rantur.
329 4626 489 4706 Nusquam
511 4633 612 4687 autem
631 4629 734 4688 inveni
754 4618 899 4710 Καίσαρος
918 4616 1080 4689 Σεβαστοῦ
1099 4641 1135 4683 eo
1157 4622 1247 4681 modo
1268 4621 1439 4692 coniuncta,
1467 4627 1501 4676 ut

176 4723 208 4782 in
228 4726 400 4788 uuiversum
424 4729 590 4807 principem
616 4729 834 4806 significarunt,
860 4726 981 4786 nominc
1001 4723 1123 4802 proprio
1148 4739 1210 4782 non
1230 4721 1341 4780 addito.
1385 4717 1501 4779 Oontra

179 4821 369 4886 Octavianum
388 4827 550 4907 Aupuetam
570 4829 693 4908 proprio
720 4827 839 4888 nomine
861 4828 973 4910 Καῖσαρ
985 4815 1151 4890 ,nudante
1175 4829 1313 4882 vocatum
1338 4835 1406 4879 esse
1430 4818 1500 4894 quis

177 4927 297 5003 estqui
317 4929 441 4988 nesciat,
483 4931 586 5008 Atque
610 4930 641 4992 0.
663 4929 779 4988 Martae
800 4927 923 5004 quidam
943 4926 1075 5003 Augusti
1099 4931 1196 4984 aetate
1216 4922 1250 4981 iu
1269 4918 1399 4981 nummis
1420 4935 1501 4977 com·

176 5038 276 5104 peret3
296 5046 375 5108 quos
389 5047 527 5091 nummos
548 5031 606 5092 Th.
620 5031 826 5091 Mommsenus
847 5027 916 5088 hiet.
938 5027 982 5088 rei
995 5025 1178 5086 nummariae
1191 5021 1279 5082 Rom.
1301 5039 1332 5098 p.
1348 5017 1408 5079 742
1430 5025 1501 5078 aute

177 5147 287 5193 anuum
311 5133 349 5194 15
364 5150 392 5193 a.
408 5129 480 5193 Chr.
503 5130 577 5208 (739
592 5152 620 5192 ιι.
637 5130 678 5208 c.)
701 5147 788 5192 curce
804 5145 871 5191 esse
885 5129 1001 5207 probet.
1034 5127 1149 5188 Tamen
1163 5141 1255 5203 quum
1274 5121 1303 5183 ir
1324 5119 1501 5200 cognomine
