3826 5962
319 1739 331 1879 l

317 1882 320 1890 ο

309 2108 320 2277 l

366 609 440 680 224
938 627 1120 682 10111111

364 799 471 858 aetatis
486 795 681 856 Gracchanae
704 797 891 874 scriptorem,
913 799 967 857 sed
989 807 1021 856 11
1040 809 1102 858 tam
1123 799 1154 858 in
1169 796 1271 860 Samio
1292 801 1380 860 titulo
1401 821 1493 879 quam
1509 783 1588 882 apud
1602 807 1695 886 Poly·

364 899 445 958 bium
471 898 561 980 plena
585 898 787 957 denominatio
808 897 974 981 στρατηγοῦ
997 891 1104 957 ὑπάτου
1131 901 1306 978 breviorque
1327 893 1436 960 ῦττοίτου
1460 905 1645 967 alternentur
1665 921 1696 969 et

365 1000 447 1078 apud
473 1001 551 1058 hunc
577 999 695 1076 quidem
723 999 812 1074 plena
838 1019 908 1058 raro
934 1001 1117 1074 inveniatur,
1149 1002 1264 1061 scilicet
1291 1011 1337 1062 ter
1362 1011 1476 1063 tanturn
1505 1007 1555 1082 (1,
1584 1007 1637 1080 51,
1665 1011 1692 1069 5.

366 1104 394 1172 6,
413 1100 510 1172 14,1,
532 1101 583 1158 uhi
604 1117 657 1158 cur
677 1101 784 1176 nuperi
805 1101 934 1160 editores
957 1103 1121 1184 στρατηγοῦ
1142 1103 1320 1162 vocabulum
1341 1104 1527 1178 induxerint,
1548 1127 1608 1166 non
1629 1127 1694 1184 per-

365 1204 471 1280 spicio.
511 1203 558 1273 18,
573 1202 613 1260 46
629 1200 694 1277 [19]
711 1203 728 1260 5
751 1202 783 1260 11
796 1201 903 1275 edicto,
918 1221 978 1278 quo
993 1201 1182 1263 Flamininus
1198 1202 1344 1264 Graeciae
1358 1206 1487 1282 populos
1502 1208 1613 1267 liberos
1628 1228 1695 1268 esse

364 1305 476 1379 iubet),
498 1322 564 1362 cum
587 1294 693 1361 ὕπατος
714 1303 793 1360 nude
814 1304 928 1380 passim
951 1303 1077 1380 legatur.
1121 1303 1190 1362 Hoc
1211 1305 1364 1382 proprium
1386 1316 1434 1366 est
1454 1307 1584 1386 Polybio
1606 1317 1637 1368 et
1657 1313 1693 1368 ab

365 1407 433 1482 ipso
456 1405 485 1463 ni
508 1403 596 1462 fallor
616 1405 818 1479 excogitatum
840 1404 1044 1482 ambiguitatis
1067 1407 1163 1464 omnis
1186 1406 1343 1465 evitandae
1365 1407 1479 1482 studio,
1506 1409 1587 1485 quod
1608 1429 1694 1486 prae-

365 1517 459 1565 torem
486 1525 548 1565 nott
573 1500 735 1587 στρατηγδν
760 1505 838 1568 nude
865 1505 951 1578 dicit,
978 1506 1032 1564 sed
1053 1515 1104 1565 aui
1125 1501 1285 1589 στρατηγόν
1306 1499 1480 1586 {gundhartus
1502 1509 1641 1584 (3,106,
1662 1511 1693 1587 6)

365 1617 416 1666 aut
437 1597 613 1687 ἑξαπὲλτκυν
632 1605 711 1664 nude
734 1606 777 1680 (3,
793 1605 843 1676 40,
862 1608 895 1664 11
914 1606 979 1682 11,).
1016 1604 1129 1665 Contra
1144 1607 1193 1665 ubi
1209 1603 1370 1691 στρατηγὸς
1385 1609 1463 1667 nude
1477 1609 1588 1687 legitur
1599 1629 1694 1687 neque

365 1706 739 1786 11111111111101111111),
765 1707 818 1764 sed
840 1707 877 1763 ad
899 1709 1107 1782 magistratum
1130 1708 1358 1784 designandum,
1379 1709 1421 1768 ibi
1444 1730 1504 1769 non
1527 1721 1694 1786 praetorem

365 1809 538 1888 significari,
554 1807 607 1866 sed
622 1806 774 1865 consulem
789 1807 845 1864 viri
861 1806 940 1865 docti
955 1807 1068 1866 dudum
1080 1804 1345 1886 inteflexerunt²);
1367 1809 1410 1868 ita
1424 1811 1455 1869 in
1469 1811 1588 1870 loedere
1602 1814 1693 1871 Aeto-

364 1909 553 1980 111021,31,
572 1909 608 1966 13
625 1905 688 1982 [PQ
705 1908 752 1978 15,
770 1907 834 1983 13]τ
854 1897 895 1964 1πῖ
909 1901 1026 1964 Λευκίου
1044 1901 1168 1965 Κοτνττόυ
1184 1899 1232 1965 noi
1246 1903 1347 1967 Puur’ou
1364 1903 1500 1977 Δομετίου
1516 1915 1693 1996 στρατηγῶν,

365 2012 436 2069 item
458 2007 590 2084 13[14],
608 2011 634 2078 1,
656 2008 684 2066 8.
727 2006 815 2066 Unde
838 2009 928 2068 etiarn
950 2009 1111 2086 proconsul
1132 2028 1152 2066 a
1171 2009 1301 2087 Polybio
1323 2029 1383 2068 non
1404 2012 1503 2070 solum
1523 2004 1692 2072 ἀνθύπατος

365 2110 483 2181 dicitur,
505 2109 558 2166 aed
579 2111 650 2168 item
668 2099 889 2191 ἀντιστράτηγος
910 2110 955 2186 (3,
973 2111 1041 2182 106,
1057 2111 1085 2168 2.
1108 2109 1158 2183 26,
1175 2111 1204 2181 3,
1222 2111 1264 2186 1),
1286 2130 1469 2188 quamquam
1483 2114 1540 2172 hoc
1554 2115 1644 2172 ctiam
1659 2115 1694 2172 de

366 2221 558 2288 propraetore
573 2210 729 2286 usurpavit
748 2210 812 2286 (15,
828 2211 856 2283 4,
876 2210 917 2286 1).
952 2211 1043 2288 Apud
1057 2221 1196 2271 auctores
1211 2211 1391 2288 posteriores
1407 2232 1460 2272 eae
1474 2209 1639 2275 locutiones
1653 2217 1694 2275 ibi

319 2353 322 2379 :
365 2312 501 2383 redeunt,
523 2311 573 2370 ubi
588 2310 749 2387 Polybium
770 2311 970 2387 compilarunt
991 2313 1134 2370 imitativa
1156 2319 1240 2384 sunt3
1262 2313 1306 2370 ita
1327 2311 1514 2374 Flamininus
1535 2311 1695 2402 στρατηγὸς

313 2386 321 2449 1
364 2405 471 2474 ῦττστος
485 2411 593 2470 dicitur
606 2411 687 2488 apud
701 2411 897 2470 Plutarchum
911 2410 972 2470 Tit.
988 2412 1026 2470 10
1040 2414 1071 2470 in
1086 2432 1121 2471 eo
1136 2413 1206 2490 ipso
1221 2413 1318 2472 edicto
1333 2414 1370 2473 dc
1387 2412 1517 2474 Graecia
1529 2415 1693 2489 liberanda,

365 2505 475 2574 ῦτατος
494 2503 655 2596 στρατηγός
675 2511 711 2570 Ρ.
726 2510 861 2570 Licinius
883 2513 988 2572 consul
1010 2531 1036 2570 a
1054 2513 1114 2572 583
1137 2513 1216 2589 apud
1238 2515 1364 2572 eunden
1385 2517 1414 2574 in
1435 2517 1695 2594 apophthegmatis

365 2635 427 2695 reg.
455 2625 485 2674 et
509 2615 580 2692 imp.
607 2611 909 2689 1119111111).
957 2613 1119 2672 Praeterea
1146 2624 1246 2672 autem
1272 2617 1451 2690 praesertim
1479 2619 1510 2675 in
1538 2619 1634 2677 titulis
1663 2629 1695 2677 ut

366 2725 486 2794 praetor
511 2704 686 2799 στρατηγός,
713 2714 758 2773 ita
783 2714 890 2772 consul
915 2721 1090 2774 constanter
1116 2715 1285 2792 appellatur
1310 2708 1418 2776 ὕπατος
1443 2736 1539 2794 neque
1567 2719 1695 2795 amplius

365 2818 443 2880 redit
463 2816 626 2894 appellatio
649 2815 813 2898 στρατηγοῦ
834 2805 955 2872 ὑπάτου.

450 2919 499 2977 Ab
526 2918 583 2974 hac
609 2915 774 3018 στρατηγοῦ
797 2909 906 2972 sinciaco
933 2917 1195 2993 interpretatione,
1224 2937 1314 2994 quam
1342 2919 1414 2978 mihi
1443 2921 1599 2998 probatam
1627 2921 1696 2980 aliis

366 3019 561 3098 comprobare
582 3017 696 3086 studui,
717 3017 806 3094 longe
827 3014 1027 3088 disceditea,
1050 3037 1139 3094 quarn
1154 3019 1407 3095 Waddingtonius
1430 3021 1573 3098 exposuit
1592 3023 1631 3079 ad
1650 3023 1696 3080 in·

367 3121 560 3198 scriptionem
594 3136 686 3195 supra
712 3117 833 3175 citatam
862 3117 998 3193 syllogae
1026 3136 1098 3177 snae
1128 3119 1249 3178 1588.
1305 3119 1426 3181 Scilicet
1453 3122 1559 3180 merito
1586 3122 1697 3182 reiecta

367 3222 515 3282 Boeckhii
535 3219 684 3278 sententia
702 3217 758 3275 illa
777 3217 929 3276 locutione
950 3219 1112 3294 significari
1133 3219 1239 3278 ducem
1261 3221 1447 3298 eundemque
1463 3223 1615 3282 consulem
1630 3224 1697 3300 ipse

365 3321 523 3382 Viscontio
537 3319 708 3378 adsentiens
723 3317 875 3376 contendit
887 3317 1049 3396 significari
1064 3321 1107 3378 ita
1122 3320 1226 3378 ducem
1241 3340 1399 3381 summum.
1436 3318 1604 3406 Στρατηγδς
1618 3315 1693 3381 ὅπα-

366 3446 414 3485 τος
425 3415 579 3490 Ῥωμαίων,
599 3419 706 3496 inquit,
728 3419 837 3494 sipuific
855 3415 979 3494 ‘plndrul
999 3439 1032 3478 eu
1054 3421 1122 3494 cles
1137 3421 1185 3478 dea
1200 3418 1360 3492 Romaias’r
1385 3424 1425 3482 les
1443 3433 1514 3484 mota
1536 3419 1697 3507 ττρατηγός

368 3537 393 3584 ct
413 3515 522 3583 ῦττοττοο
543 3531 607 3579 sont
629 3520 768 3595 employa
790 3523 829 3577 111
849 3519 923 3578 dans
945 3521 971 3578 le
991 3538 1055 3578 scas
1069 3520 1155 3598 qu’ils
1170 3533 1218 3581 out
1230 3523 1294 3581 cheu
1309 3523 1349 3582 les
1365 3535 1481 3584 auteurs
1494 3544 1586 3601 precs,
1609 3536 1697 3584 auant

367 3625 454 3700 qu'tls
481 3627 606 3681 11111111
630 3623 650 3679 ὰ
673 3621 805 3696 1111191111
826 3621 866 3680 les
881 3623 1027 3696 fonctions
1048 3627 1189 3682 rumines
1211 3625 1245 3682 de
1262 3625 1382 3699 prdtcur
1403 3627 1483 3684 etde
1504 3628 1611 3685 consul.
1654 3628 1698 3685 At

369 3727 498 3802 primum
520 3739 677 3798 nusquam,
700 3722 781 3797 quod
802 3722 905 3794 sciam,
927 3740 1023 3798 neque
1037 3723 1183 3800 Polybius
1205 3741 1301 3800 neque
1324 3726 1404 3784 alius
1424 3725 1584 3802 quisquam
1605 3727 1697 3802 serip-

368 3838 416 3886 tor
437 3824 573 3886 Graecus
599 3823 763 3906 στρατηγοῦ
783 3817 891 3880 duciaco
917 3823 1120 3901 appellatione
1141 3825 1241 3898 utitur,
1268 3825 1326 3884 nisi
1347 3824 1398 3883 ubi
1421 3827 1528 3885 consul
1549 3827 1697 3905 signitica-

368 3940 426 4002 tur,
448 3937 481 3986 ut
501 3945 598 4004 neque
620 3925 745 3984 dictator
765 3924 809 3982 its
829 3924 999 4002 appellatus
1020 3926 1189 3984 inveniatur
1209 3944 1306 4004 neque
1321 3935 1442 4003 praetor
1456 3927 1493 3999 11,
1515 3928 1595 4005 apud
1609 3947 1698 4004 quern

369 4049 487 4090 summa
511 4027 629 4106 imperii
656 4027 709 4096 111,
735 4042 832 4101 neque
857 4025 986 4102 denique
1012 4020 1248 4108 ἀρχιττρατηγὲς
1268 4027 1428 4102 quisquam
1449 4045 1510 4085 non
1530 4027 1696 4087 Romanus.

368 4131 465 4191 Porro
491 4139 523 4189 ut
545 4128 742 4189 concedamus
766 4143 915 4184 summurn
936 4126 1043 4185 ducem
1065 4124 1180 4185 Graece
1201 4135 1280 4185 reete
1301 4127 1361 4187 dici
1382 4128 1518 4203 potuisse
1538 4123 1698 4212 στρατηγὸν

369 4225 486 4300 ὕπατον,
507 4233 635 4307 primum
657 4248 724 4287 eam
746 4227 953 4304 cogitationem
976 4227 1082 4285 iisdem
1104 4227 1193 4303 plane
1207 4228 1308 4286 verbis
1330 4228 1479 4288 enuntiari
1499 4238 1530 4288 et
1549 4231 1580 4288 in
1602 4229 1698 4288 titulis

448 4531 472 4593 ¹)
501 4533 540 4580 lta
556 4533 580 4590 l,
597 4533 640 4590 ll,
656 4531 684 4579 31
703 4520 933 4599 προχειρισάμενος
951 4519 995 4578 adu
1013 4523 1094 4597 ἕττρτν
1106 4529 1152 4578 τῶν
1165 4517 1259 4578 deducu
1273 4517 1411 4597 eapuruyc'u
1429 4537 1456 4579 et
1468 4529 1530 4580 alibi
1543 4531 1647 4596 passim.
1663 4556 1696 4566 -

370 4625 531 4674 Dictaturam
544 4621 668 4685 Polybius
686 4636 788 4685 semper
806 4623 919 4688 appellat
937 4623 1040 4672 nomine
1053 4621 1156 4682 Latino,
1176 4635 1340 4685 quamquam,
1359 4621 1404 4670 ubi
1422 4636 1475 4672 aon
1494 4635 1590 4672 nomen
1601 4633 1698 4686 ponera

371 4715 436 4776 vult,
461 4713 514 4764 aed
531 4711 663 4762 dictatoris
687 4719 838 4776 potestatem
861 4714 898 4762 ita
921 4713 1042 4775 delinire,
1070 4711 1209 4764 11611111
1228 4711 1337 4762 lectores
1356 4726 1412 4764 eam
1432 4712 1594 4776 intellegant,
1620 4711 1699 4762 1111111·

371 4805 497 4857 vocabulo
517 4799 654 4869 στρατηγοῦ
673 4791 860 4871 αὗτοιροῖτορσς.

448 4893 473 4958 ²)
500 4894 652 4946 Perizonius
679 4893 809 4944 animadv.
834 4895 893 4946 hist.
920 4895 975 4945 1.1
999 4909 1024 4957 p.
1043 4893 1078 4944 36
1104 4892 1144 4942 ed.
1169 4891 1372 4944 Amstslaedami
1397 4907 1421 4944 a.
1442 4893 1523 4946 1665.
1566 4891 1698 4956 Schweig-

372 4989 480 5038 haeuser
498 4987 579 5036 vota
599 5001 625 5051 p.
640 4985 701 5035 566.

447 5075 472 5140 ⁸)
499 5077 578 5138 Quod
593 5083 729 5142 praeterea
746 5074 822 5126 affert
840 5075 991 5126 Perizonius
1009 5073 1040 5126 0.
1058 5074 1198 5139 Popillium
1217 5074 1349 5126 0011111111
1368 5085 1392 5124 a.
1407 5073 1460 5126 622
1479 5073 1619 5126 secuudum
1636 5071 1700 5122 Plu·

264 5217 266 5222 .
372 5169 487 5220 sarchum
513 5169 543 5220 G.
568 5165 715 5220 Graoch.4
738 5165 906 5222 Gracchanus
929 5181 962 5218 ex
988 5165 1091 5217 civitate
1115 5165 1245 5231 expulisse
1268 5161 1463 5233 στρατηγοῦντα,
1487 5163 1582 5218 rectius
1606 5163 1701 5228 opinor

372 5259 501 5311 erroribus
520 5259 631 5311 auctoris
650 5256 868 5312 adnumerabatur.
