3812 5960
424 541 473 614 14
948 555 1223 608 snnmnumnna
1654 560 1747 610 nn-nn

422 729 464 791 en
485 731 562 791 eoa
582 747 671 790 aerea
690 747 785 806 nuper
805 728 968 788 Praeneste
989 736 1118 805 reperta,
1139 745 1219 786 nune
1240 725 1355 785 nome
1377 725 1458 802 apuu
1478 726 1705 788 ιιιιιῑιιιιιιω.

538 885 711 1101 l0vpp
749 870 976 1084 Μοιο
1018 915 1138 1122 χχχιι
1157 870 1366 1021 ΜΝ
1322 899 1453 1077 bia]
1477 977 1546 1118 po

713 1027 1714 1399 mmsszmppim

624 1299 1252 1480 ,ὲὺ

546 1632 682 1712 Iuppiter
714 1629 878 1708 (uovos)'
869 1648 901 1689 ιιι
933 1630 1010 1690 solio
1041 1630 1151 1690 sedens
1184 1631 1307 1691 sinistra
1337 1632 1452 1693 fulmen
1483 1641 1580 1708 tenet,
1614 1633 1748 1693 dextram

504 1733 631 1811 imponit
656 1749 759 1792 umero
784 1732 909 1791 Iunonis
938 1730 1070 1808 (uvreo),
1098 1749 1176 1808 qnae
1203 1733 1289 1792 iuxta
1316 1753 1383 1793 enm
1412 1741 1480 1794 stat.
1523 1735 1608 1794 Ab·
1598 1736 1638 1795 uis
1667 1754 1748 1794 arer-

505 1851 558 1894 sus
584 1835 684 1894 adstat
703 1833 869 1893 Mercurius
891 1831 1073 1908 (manevus)
1095 1833 1192 1892 oculis
1213 1832 1251 1892 ad
1272 1833 1425 1906 dextram,
1451 1836 1613 1896 fortasse⁸
1603 1855 1636 1893 nn
1657 1835 1749 1914 Apol-

503 1933 612 2007 linem,
644 1935 801 2006 coniectis‚
834 1933 941 1992 dextra
971 1933 1134 1992 caduceum
1146 1933 1188 2010 (l)
1219 1942 1334 1994 tenens.
1383 1935 1474 1994 quta
1505 1945 1564 1996 stat
1592 1935 1749 2006 Hercules,

505 2037 591 2096 cuius
617 2054 727 2096 nomen
747 2042 849 2112 potest
870 2035 925 2094 sub
946 2035 1081 2112 robigine
1102 2034 1211 2107 latere,
1238 2035 1317 2112 pelle
1338 2036 1460 2096 leonina
1480 2038 1608 2096 amictum
1629 2037 1748 2096 etitem
1775 2059 1777 2062 ·

505 2137 545 2196 ad
573 2137 714 2196 dextram·
736 2133 908 2195 conversus.
951 2135 1002 2194 Ad
1027 2155 1095 2194 eum
1119 2135 1241 2212 respicit
1265 2137 1378 2213 Apollo
1405 2137 1549 2214 (asoto),
1577 2138 1632 2198 sed
1658 2138 1747 2196 disee

504 2237 550 2296 dit
577 2247 728 2313 tamquam
754 2238 866 2309 iratus3
896 2236 1003 2295 dextra
1031 2245 1112 2296 tenet
1138 2237 1256 2296 laurum
1284 2255 1410 2315 eamque
1437 2237 1587 2298 Hercules
1615 2243 1746 2317 prensat.

504 2336 607 2398 Liberi
635 2337 773 2414 (annana)
803 2337 936 2409 barbati,
968 2338 1020 2414 qui
1045 2338 1204 2415 proximus
1232 2346 1294 2409 est,
1326 2338 1421 2398 facies
1451 2358 1596 2416 expressa
1625 2349 1673 2400 est
1699 2337 1748 2397 ad·

505 2457 607 2512 versa,
633 2439 751 2498 videtur
776 2447 874 2497 autem
901 2457 979 2515 quae
1004 2439 1081 2498 fiunt
1105 2457 1166 2498 non
1191 2440 1353 2499 attendere.
1395 2440 1485 2499 quta
1512 2460 1580 2500 eum
1602 2451 1651 2500 est
1671 2441 1747 2500 vitis.

505 2539 624 2600 Deinde
649 2539 784 2600 victoria
814 2538 1004 2616 (vienoma)
1040 2541 1180 2599 manibus
1211 2547 1321 2598 tractat
1351 2539 1461 2599 lineam
1493 2560 1511 2600 a
1542 2559 1602 2618 qna
1636 2539 1749 2620 globuli

506 2639 733 2722 (margaritaei)
760 2633 823 2718 apti
849 2647 932 2712 sunt3
962 2641 1048 2699 iuxta
1071 2640 1154 2699 humi
1180 2641 1279 2700 iacent
1303 2640 1428 2717 clupeus
1454 2647 1485 2700 ct
1508 2643 1603 2718 galea.
1651 2643 1748 2717 Prope

504 2751 553 2803 est
577 2743 712 2802 Minerva
739 2739 922 2817 (ιιειιεινι)
948 2741 1046 2819 capite
1071 2741 1169 2813 nudo,
1201 2759 1326 2818 corpore
1353 2741 1515 2816 inclinato,
1548 2743 1586 2801 ad
1614 2743 1749 2803 dextram

504 2861 666 2915 conversa,
698 2861 821 2902 manum
852 2843 990 2912 dextram
1020 2843 1178 2920 imponens
1208 2843 1255 2901 ori
1281 2843 1387 2902 Martis
1413 2842 1543 2920 (naus).
1592 2844 1625 2903 Is
1657 2843 1748 2902 multo

504 2945 619 3004 minore
646 2944 767 3004 modulo
792 2923 957 3020 expressus
984 2959 1073 3018 quarn
1099 2943 1190 3002 ceteri
1217 2943 1338 3002 sinistra
1365 2953 1446 3002 tenet
1465 2945 1619 3021 clupeum,
1646 2945 1749 3003 dextra

504 3046 614 3122 proicit
633 3045 767 3118 hastam,
794 3043 920 3121 genibus
941 3044 1049 3120 positis
1070 3043 1103 3102 in
1123 3044 1259 3120 margine
1280 3045 1360 3104 vasis
1381 3046 1483 3122 magni
1504 3045 1611 3105 crateri
1633 3045 1747 3104 similis.

504 3145 591 3205 Intra
610 3147 692 3223 quod
711 3164 788 3222 quae
809 3145 989 3204 exhibentur
1009 3144 1107 3203 lineae
1129 3145 1236 3204 mirum
1257 3145 1290 3203 in
1310 3146 1432 3205 modam
1453 3146 1582 3205 inflexae
1602 3146 1677 3222 qnid
1694 3143 1748 3204 eibi

505 3245 608 3319 velint,
630 3265 692 3304 non
712 3247 904 3321 intellegitur.
941 3245 1026 3304 Pons
1041 3244 1208 3304 Minervam
1225 3245 1306 3304 uolat
1327 3246 1598 3322 paruulaVietoria
1611 3247 1747 3316 taeniam,

505 3363 595 3422 qnam
624 3346 761 3405 manibus
787 3353 883 3419 tenet,
911 3346 1002 3423 capiti
1029 3345 1093 3405 eius
1122 3346 1309 3423 impositura.
1350 3329 1527 3408 Postremae
1554 3357 1626 3408 sunt
1651 3347 1749 3408 Diana

507 3445 631 3523 (ouant)
657 3447 786 3506 adversa
808 3447 885 3506 faeie
912 3455 942 3506 et
969 3447 1082 3518 otiosa,
1109 3456 1139 3506 et
1164 3445 1299 3506 Fortuna
1319 3447 1495 3526 (eoarvuua)
1520 3449 1620 3527 amplo
1642 3448 1748 3508 vestitu

476 3537 488 3558 ’
506 3546 545 3606 ad
567 3547 720 3607 sinistram
742 3565 903 3618 conversa3
925 3547 1032 3606 dextra
1052 3549 1119 3607 eius
1141 3557 1259 3625 sceptro
1280 3549 1426 3608 innititur.
1441 3582 1480 3594 -
1502 3551 1540 3610 In
1554 3550 1650 3610 limite
1664 3567 1747 3627 supe-

507 3647 588 3707 riora
608 3656 726 3726 praeter
747 3648 807 3707 alia
827 3658 1003 3707 ornamenta
1024 3646 1148 3732 Cerberi
1168 3649 1266 3709 iorma
1285 3649 1365 3710 facta
1386 3659 1441 3709 est

423 3782 510 3844 Oista
530 3783 677 3861 singulari
697 3793 872 3860 argumento
894 3783 976 3862 quod
996 3783 1124 3843 incisum
1146 3794 1192 3844 est
1212 3791 1243 3844 et
1263 3785 1433 3847 nominibus
1447 3785 1607 3862 adscriptis
1622 3784 1746 3864 insignis
1868 3809 1869 3830 ι

422 3903 490 3946 enm
510 3885 646 3964 robigine
667 3885 858 3944 vehementer
878 3891 1015 3962 correpta
1036 3889 1125 3958 esset,
1147 3885 1207 3944 iam
1225 3887 1269 3944 ita
1289 3897 1336 3945 est
1357 3887 1526 3960 emundata,
1548 3895 1581 3944 ut
1601 3906 1680 3964 qnae
1698 3903 1748 3946 ex·

422 4004 530 4064 pressa
550 3995 620 4046 sunt
639 3986 714 4045 satis
737 4004 901 4064 agnoscere
922 3988 1053 4062 potuerit
1072 3986 1242 4063 Helbigius,
1265 4005 1447 4064 quamquam
1467 3987 1599 4047 fortasse
1620 3989 1747 4047 minores

422 4086 570 4166 quaedam
589 4105 638 4146 res
660 4087 756 4146 adbuc
776 4087 878 4146 latent.
915 4085 1048 4147 Nomina
1069 4095 1206 4146 accurate
1226 4088 1519 4164 repraesentavimus
1541 4107 1633 4166 supra
1654 4096 1684 4147 et
1703 4105 1747 4145 ar·

421 4197 595 4265 gumeutum
616 4189 820 4248 enarravimus
841 4207 861 4246 a
881 4188 987 4246 dextra
1007 4188 1202 4264 procedentes
1217 4187 1256 4246 ad
1270 4187 1432 4248 sinistram.
1468 4189 1747 4266 Interpretationem

421 4290 466 4348 rei
491 4296 595 4364 gestae
619 4289 657 4346 ab
682 4289 797 4347 artifice
822 4307 986 4364 expressas
1011 4288 1197 4368 probabilem
1222 4305 1255 4348 se
1279 4307 1340 4348 non
1361 4290 1530 4368 repperisse
1551 4289 1656 4349 scribit
1675 4285 1748 4348 Hel·

421 4387 532 4465 bigiua,
553 4389 601 4446 cui
621 4388 695 4447 haec
717 4389 817 4448 omnia
838 4389 989 4449 debemus.

423 4590 471 4651 at
491 4591 523 4651 in
544 4593 668 4669 speculo
689 4594 856 4655 Praeneste
877 4615 956 4674 rep.;
976 4597 1133 4673 possident
1152 4597 1311 4658 Pasiuatii.

689 4729 770 4772 'fiilis
941 4731 1013 4774 ΔΙΔΧ
1141 4732 1308 4777 atcvroemn

642 4811 729 4862 semina
739 4823 810 4864 paene
919 4815 956 4856 sir
968 4825 1033 4856 arma
1177 4817 1265 4865 semino
1438 4817 1523 4860 sumas

579 4899 595 4912 ‘
651 4895 718 4944 ndu,
732 4895 803 4936 einen
930 4897 1022 4940 iudaeae
1168 4909 1216 4950 erent
1230 4901 1280 4950 lyra

652 4977 759 5018 αᾶίιιιαιιι
774 4979 811 5028 pau·
1167 4985 1188 5024 et
1199 4984 1283 5034 plectro

654 5071 720 5102 arena
733 5047 805 5101 aare

423 5157 461 5220 R.
483 5155 621 5222 Scboene
642 5161 695 5240 qui
715 5161 791 5222 uidit
811 5179 880 5222 ann.
902 5162 973 5224 inst.
996 5165 1076 5224 areb.
1101 5163 1181 5224 1870
1202 5185 1232 5244 p.
1248 5167 1306 5227 351
1321 5183 1367 5243 sq.
1388 5166 1450 5227 tab.
1465 5163 1586 5227 XXIV.
1601 5162 1701 5226 XXV.
