3826 5962
435 575 507 647 232
1034 586 1179 640 tonnas

434 786 503 827 esee
531 766 676 824 Henzeno
708 773 738 820 01
764 762 951 820 Mommseno
979 759 1075 818 visum
1104 767 1159 816 est.
1202 758 1268 830 boc,
1297 757 1368 816 licet
1394 775 1454 815 non
1482 765 1629 833 pugnaret
1655 765 1765 816 contra

435 886 588 927 sacrorum
610 883 707 935 nsum,
733 871 833 921 tamen
858 863 902 920 ita
928 878 995 920 esse
1022 859 1074 920 vix
1095 857 1287 918 crediderim:
1320 859 1409 917 etiam
1437 858 1535 916 minus
1560 858 1659 934 placet
1678 856 1764 933 qnod

433 969 578 1028 Henzeno
600 967 699 1024 visum
726 974 787 1035 est,
815 981 882 1021 esse
904 963 961 1020 hoc
982 979 1100 1019 sacrum
1123 957 1242 1032 Quirini
1263 958 1435 1018 natalicium
1463 959 1547 1018 aedis
1572 959 1637 1017 eius
1658 959 1763 1016 nescio

433 1089 494 1146 quo
513 1077 645 1146 tempore
659 1066 797 1124 reiectae.
829 1063 1044 1122 reiecturumne
1059 1060 1177 1119 aedium
1192 1069 1311 1136 praeter
1323 1059 1468 1118 factarum
1490 1059 1606 1118 natales
1628 1059 1762 1118 celebra·

432 1169 560 1230 bantur?
593 1169 768 1245 priusquam
799 1164 891 1242 igitur
922 1164 958 1221 de
991 1163 1069 1220 sacri
1102 1159 1230 1234 Quirino
1261 1161 1335 1219 facti
1366 1168 1473 1218 natura
1505 1159 1652 1219 disseram
1682 1161 1763 1218 hano

433 1279 526 1330 totam
553 1289 629 1346 quae
654 1275 702 1326 est
730 1265 766 1325 de
793 1264 909 1324 aedium
936 1281 1087 1321 sacrarum
1113 1262 1263 1321 natalibus
1285 1262 1492 1338 quaestionem
1518 1260 1606 1320 video
1628 1261 1701 1320 mibi
1721 1260 1761 1319 de

359 1357 372 1380 ⁰
433 1373 549 1451 integro
571 1367 788 1428 retractandam
809 1383 886 1424 esse.

516 1473 566 1530 Ex
591 1468 800 1546 bernerologiis
829 1469 985 1542 Augustae
1011 1464 1118 1524 aetatis
1149 1483 1240 1523 unum
1269 1462 1500 1522 Praenestinum
1528 1460 1630 1522 Verrii
1657 1462 1762 1521 Flacci

433 1573 552 1632 disertis
579 1571 679 1630 verbis
705 1567 882 1645 templorum
908 1566 1024 1624 natales
1051 1561 1163 1624 indicat
1187 1566 1244 1622 bac
1269 1563 1410 1622 formula:
1443 1565 1497 1622 loo
1521 1563 1585 1639 (rel
1610 1566 1688 1639 quod
1711 1563 1760 1638 eo)

432 1675 580 1733 discedis
603 1713 684 1730 ....
707 1672 839 1728 dedicata
861 1676 902 1726 eat
923 1667 1001 1742 (lan.
1025 1665 1218 1724 27110111.
1245 1665 1291 1724 19.
1314 1665 1389 1741 Apr.
1408 1665 1454 1724 10.
1478 1663 1533 1741 28)
1555 1665 1679 1724 adiectis
1702 1684 1759 1724 coe.

431 1775 462 1834 in
484 1774 559 1833 solis
581 1771 700 1846 templis
723 1769 821 1828 arisve
843 1767 980 1844 Augusto
1001 1765 1152 1824 dedicatis
1166 1765 1244 1842 (lan.
1268 1766 1296 1824 8.
1322 1765 1369 1824 16.
1393 1765 1442 1824 30.
1464 1767 1540 1842 Apr.
1563 1765 1632 1842 28);
1660 1777 1762 1828 cetera

430 1874 634 1950 hemerologia
655 1878 773 1948 praeter
794 1869 869 1927 haec
889 1868 957 1943 ipsa
977 1867 1099 1943 templa,
1118 1866 1162 1925 de
1190 1866 1297 1942 quibus
1325 1865 1463 1926 similiter
1487 1867 1621 1926 referunt
1646 1868 1715 1943 (Iul.
1739 1870 1760 1926 4

432 1979 511 2054 Aug.
529 1977 578 2034 10.
602 1973 648 2032 18.
668 1971 733 2048 28),
755 1971 936 2046 reliquorum
959 1968 1075 2027 natales
1098 1967 1164 2025 sola
1185 1966 1264 2026 sacri
1282 1966 1339 2025 deo
1360 1967 1471 2027 deaeve
1485 1968 1558 2028 sacti
1579 1969 1761 2029 indicatione

431 2077 591 2146 occultant,
612 2091 778 2150 perpaucos
800 2069 942 2146 a(atoles)
964 2070 1053 2128 babet
1067 2068 1240 2126 Philocalus
1258 2067 1370 2143 (1003
1393 2070 1472 2144 Aug.
1489 2070 1516 2128 5.
1535 2069 1571 2126 13
1595 2068 1678 2147 Sept.
1697 2073 1759 2148 11).

430 2178 491 2236 iam
517 2175 586 2234 licet
610 2175 705 2233 multa
730 2173 853 2232 deorum
881 2189 967 2232 sacra
987 2190 1006 2229 a
1026 2169 1175 2228 natalibus
1197 2168 1375 2244 templorum
1401 2171 1537 2246 profecta
1557 2181 1677 2232 esseet
1698 2181 1760 2232 tra-

401 2259 406 2337 1
431 2278 526 2336 ditum
548 2284 578 2333 et
598 2291 751 2350 nunquam
772 2272 940 2349 ignoratum
963 2272 1011 2342 111,
1037 2278 1137 2329 tamen
1162 2289 1223 2328 non
1249 2269 1346 2332 solum
1367 2270 1458 2329 serias
1480 2272 1705 2349 antiquissimas
1726 2277 1760 2334 in

403 2368 408 2397 ³
430 2380 537 2438 borum
559 2393 682 2434 nurnero
708 2390 778 2432 0110
799 2391 861 2430 non
882 2391 970 2448 posse
992 2373 1195 2430 Mommsenus
1222 2369 1322 2428 docuit
1343 2367 1378 2430 (l.
1399 2370 1425 2428 1.
1448 2369 1484 2429 L.
1515 2374 1538 2443 11
1558 2393 1588 2450 p.
1611 2375 1682 2446 376,
1703 2377 1758 2436 sed

407 2478 520 2547 {etiam
546 2477 583 2536 de
609 2476 711 2534 multis
738 2493 777 2533 ex
802 2474 979 2550 posterioria
1009 2473 1075 2530 aeri
1108 2471 1202 2530 sacris
1235 2479 1315 2529 certe
1342 2470 1471 2530 dubitari
1497 2484 1606 2550 potest
1649 2478 1759 2552 quibus

406 2550 665 2640 ¹dubitationibus
693 2593 761 2634 raro
789 2575 968 2651 scriptorum
995 2573 1175 2632 testimoniis
1195 2572 1366 2631 liberamur.
1409 2591 1445 2631 ac
1465 2573 1573 2634 mirum
1600 2579 1759 2655 estquod,

386 2745 392 2756 ,
429 2701 496 2742 00111
518 2680 632 2756 aliquot
652 2675 767 2736 natales
791 2677 891 2754 sparsi
918 2673 1107 2733 inveniantur
1131 2675 1161 2732 in
1188 2674 1365 2750 antiquioris
1387 2674 1531 2733 historiae
1551 2677 1649 2750 libris,
1674 2680 1761 2740 velut

430 2781 573 2859 Capitolii
595 2779 676 2856 (Liv.
694 2779 722 2849 7,
745 2777 789 2853 3),
811 2774 947 2836 Castoris
970 2773 1012 2852 (2,
1035 2774 1148 2833 420111
1170 2781 1268 2833 tamen
1290 2775 1606 2850 01111010),Μο100111
1628 2779 1671 2854 (2,
1690 2778 1758 2858 21),

427 2884 483 2944 Dii
504 2882 586 2940 Fidii
607 2879 751 2955 (Dionys.
768 2878 798 2948 9,
814 2877 878 2953 60),
899 2877 931 2935 10
953 2895 989 2934 00
1010 2876 1159 2934 annalium
1181 2885 1276 2952 parte,
1296 2875 1327 2934 in
1349 2893 1408 2952 qua
1428 2896 1483 2954 per
1504 2879 1639 2956 singulos
1661 2899 1759 2943 annos

428 3002 527 3044 rerum
555 2999 708 3041 sacrarum
734 2977 956 3037 vicissitudines
987 2986 1160 3038 constanter
1192 2985 1410 3048 enumerantur,
1441 2977 1584 3038 Livianae
1610 2981 1677 3041 dico
1704 2984 1759 3044 de-

428 3086 518 3146 cadas
545 3103 564 3142 0
589 3082 678 3141 tertia
706 3079 745 3139 ad
771 3079 916 3156 quintam,
943 3097 980 3136 ne
1006 3097 1084 3137 unus
1113 3077 1231 3154 quidem
1258 3084 1393 3137 servatus
1415 3088 1469 3137 est.
1511 3081 1592 3156 quod
1613 3084 1758 3162 expedire

428 3203 489 3245 non
503 3201 627 3260 possum
641 3182 701 3240 nisi
711 3180 889 3257 sumpserim
901 3171 1037 3238 auctores
1046 3177 1127 3237 Livii
1144 3173 1305 3255 usurpasse
1320 3178 1429 3237 librum
1446 3179 1586 3256 aliquem,
1602 3183 1634 3243 in
1645 3203 1704 3260 quo
1715 3205 1757 3244 ex

427 3285 601 3362 pontificum
622 3280 780 3339 annalibus
807 3279 1011 3338 dedicationes
1037 3279 1214 3355 templorum
1238 3279 1351 3337 relatae
1373 3289 1473 3338 essent
1492 3281 1634 3343 detractis
1655 3293 1757 3346 tamen

427 3385 533 3445 diebus
555 3381 717 3452 nataliciis,
737 3381 849 3456 quippe
869 3381 921 3456 qui
941 3379 973 3438 in
993 3380 1176 3438 kalendariis
1198 3377 1332 3438 adnotati
1353 3389 1500 3440 extarent.
1542 3383 1572 3442 in
1595 3386 1756 3448 annalibus

383 3466 390 3527 1
428 3497 527 3546 autem
558 3485 621 3544 illis
648 3493 700 3542 aut
731 3487 811 3540 certe
838 3482 869 3539 in
896 3500 995 3540 annua
1021 3481 1174 3556 pontificis
1199 3481 1303 3539 tabula
1319 3500 1376 3558 per
1397 3485 1526 3559 singulos
1554 3487 1625 3560 dies,
1652 3497 1685 3546 ut
1713 3489 1758 3548 ait

385 3534 390 3648 1
429 3585 512 3647 Serv.
537 3584 576 3642 ad
597 3587 635 3642 Δ.
661 3585 689 3653 1,
711 3581 782 3651 373,
814 3581 871 3639 hoc
900 3590 946 3640 est
971 3580 1123 3658 adscripta
1155 3581 1214 3640 diei
1246 3587 1326 3654 nota,
1358 3583 1432 3642 haee
1463 3603 1582 3661 quoque
1613 3591 1757 3666 exposita

382 3748 387 3768 Ι
425 3687 546 3746 fuerunt
571 3684 623 3760 (ci.
645 3681 789 3742 Huebner
808 3681 911 3741 Jalrc.
933 3685 961 3759 s.
984 3683 1063 3741 Plit.
1088 3681 1167 3742 1859
1189 3702 1218 3759 p.
1238 3681 1324 3758 420).
1373 3702 1413 3742 ex
1438 3685 1485 3743 his
1513 3687 1604 3762 igitur
1631 3691 1756 3752 sinceris

425 3787 560 3846 fontibus
583 3791 634 3843 aut
655 3801 694 3842 ex
708 3782 893 3843 kalendariis
916 3784 1133 3860 antiquioribus
1147 3781 1246 3842 Varro
1269 3783 1389 3860 aliique,
1411 3786 1518 3861 quibus
1532 3805 1604 3848 usus
1619 3790 1755 3852 111011-

426 3887 503 3960 (1101,
525 3886 670 3945 natalium
689 3884 862 3944 memoriam
876 3886 1067 3962 repetierunt,
1089 3903 1215 3962 quornm
1229 3885 1409 3944 testimoniis
1424 3887 1517 3946 adiuti
1532 3891 1756 3966 Angusteorum

425 3988 698 4065 hemerologiorum
729 3985 954 4062 ambiguitatem
984 3986 1162 4062 aliquotiens
1194 3985 1337 4062 expedire
1373 4005 1540 4065 possumus.
1598 3992 1649 4050 ubi
1681 3995 1757 4054 talia

426 4089 599 4159 testimonia
620 4086 762 4146 deficiunt
781 4095 903 4164 putatur
923 4104 972 4145 res
994 4087 1091 4145 redire
1116 4088 1155 4145 ad
1176 4087 1290 4146 dierum
1311 4095 1408 4147 notas.
1451 4089 1495 4160 ita
1515 4090 1679 4152 Merkelins
1700 4114 1757 4172 per

426 4199 491 4250 tota
512 4190 725 4267 prolegomena
745 4188 891 4247 laetorum
912 4188 1025 4264 passim
1048 4187 1200 4246 contendit
1226 4189 1341 4248 natales
1367 4189 1545 4267 templorum
1572 4203 1602 4252 01
1622 4196 1755 4256 maxime

427 4311 540 4362 eorum,
568 4309 645 4368 qnae
665 4291 822 4365 Augustus
849 4287 1166 4347 110111001011110100ο
1193 4297 1265 4347 nota
1285 4289 1428 4367 insignita
1449 4309 1526 4364 esse,
1556 4293 1606 4352 nbi
1628 4295 1688 4354 alia
1707 4297 1754 4355 in·

428 4393 578 4460 veniatur,
611 4398 662 4447 aut
688 4389 825 4446 natalem.
843 4405 904 4446 non
932 4406 1000 4447 esse
1033 4397 1084 4446 ant
1115 4406 1233 4448 errasse
1265 4388 1433 4450 kalendarii
1465 4401 1630 4454 auctorem:
1663 4396 1754 4456 veluti

426 4491 508 4549 Iovis
534 4487 666 4546 tonantis
693 4487 782 4545 aedes
809 4486 945 4546 dedicata
970 4497 1017 4548 est
1041 4488 1103 4548 kal.
1126 4487 1219 4567 Sept,
1247 4493 1298 4567 qui
1324 4493 1389 4552 dies
1415 4493 1447 4551 in
1468 4495 1563 4554 Amic
1584 4503 1753 4557 nonturr.

428 4589 481 4648 sed
501 4586 584 4645 illam
600 4585 739 4645 Merkelii
759 4583 991 4664 disputationem
1012 4609 1050 4650 ex
1071 4599 1155 4667 parte
1169 4592 1372 4653 Mommsenus
1393 4593 1535 4654 refutavit
1551 4615 1581 4673 p.
1594 4596 1666 4656 366.
1682 4597 1753 4658 377.

428 4689 488 4749 alia
514 4686 659 4746 dubitatio
686 4687 781 4745 oritur
807 4687 844 4746 de
871 4689 950 4748 binis
976 4691 1151 4767 pluribusve
1178 4693 1260 4752 aedis
1287 4695 1375 4753 unius
1403 4695 1562 4756 natalibus.
1604 4715 1675 4756 nam
1701 4699 1755 4758 nbi

427 4791 499 4850 bina
525 4787 651 4866 plurave
676 4787 806 4847 numinis
828 4789 961 4849 eiusdem
981 4810 1068 4850 sacra
1088 4801 1240 4866 notantur,
1260 4813 1338 4871 quae
1358 4797 1474 4858 natales
1498 4814 1566 4856 esse
1586 4798 1754 4872 videantur,

427 4892 597 4969 quaesitum
623 4895 670 4947 est
698 4889 796 4948 1101110
824 4892 852 4950 01
876 4891 1061 4952 diversarum
1082 4894 1199 4954 aedium
1221 4913 1260 4954 an
1281 4899 1440 4956 earundem
1462 4898 1606 4958 factarum
1626 4899 1755 4960 refecta-

426 5009 559 5068 rumque.
602 4991 746 5049 fluctuant
771 5000 801 5051 et
825 4991 964 5052 Merkelii
989 5003 1019 5052 et
1045 4995 1236 5056 Mommsenii
1262 4997 1371 5057 indicia
1402 4997 1445 5074 (v.
1475 4999 1563 5059 buius
1590 4999 1691 5060 adnot
1714 5000 1753 5060 de

428 5087 547 5163 Quirini
569 5097 599 5149 et
620 5088 759 5150 Castoris
780 5093 903 5153 aedibus
926 5092 1053 5155 c.1.1..
1070 5097 1084 5154 1
1109 5116 1138 5172 p.
1154 5097 1224 5157 385.
1248 5097 1333 5174 395).
1375 5099 1429 5157 sed
1449 5101 1537 5160 huius
1558 5101 1754 5162 dubitationis

427 5209 518 5250 causa
546 5193 707 5268 praecipua
731 5192 787 5253 tuit
811 5195 891 5272 quod
916 5195 988 5272 qnid
1015 5196 1054 5256 sit
1080 5197 1182 5258 aedem
1207 5199 1327 5260 reficere
1349 5219 1408 5260 non
1430 5211 1518 5261 extra
1539 5201 1755 5262 dubitationem
