3812 5960
635 631 938 688 onsnnvrrronns
954 635 1074 688 amca.
1094 637 1133 690 n.
1154 639 1209 689 111.
1536 627 1582 698 ot

249 803 407 865 Claudiam
431 822 471 862 ex
494 811 582 882 gente
604 803 730 880 patricia
750 803 854 862 fuisse.
891 802 953 864 Sed
973 807 1032 865 boc
1052 825 1140 886 nego,
1161 811 1242 885 quod
1263 818 1293 870 et
1307 811 1491 890 Borghesius
1505 818 1540 892 (l.
1556 837 1581 880 c.

249 925 279 984 p.
298 905 372 980 188)
394 911 425 963 et
445 905 498 962 alii
521 921 626 963 omnes
647 903 842 975 admiserunt,
864 906 946 981 apud
967 905 1143 968 Suetonium
1163 907 1283 970 Claudii
1305 915 1365 972 cal
1388 917 1435 994 agi
1459 917 1496 974 de
1518 918 1583 976 affi-

248 1007 342 1066 nitate
364 1003 487 1065 Claudii
514 1005 579 1064 eins
606 1005 658 1080 qui
684 1013 792 1082 postca
815 1006 954 1081 regnavit
974 1025 1040 1065 cnm
1063 1005 1185 1068 Silanis.
1229 1009 1340 1072 Scribit
1360 1015 1402 1074 ibi
1423 1017 1582 1094 Augustus

248 1107 354 1182 paucis
381 1114 450 1164 ante
476 1113 603 1163 mortem
631 1105 718 1164 annis
744 1103 782 1162 ad
803 1103 922 1164 Liviam
951 1124 1074 1166 uxorem
1102 1109 1147 1167 sic
1169 1109 1206 1168 de
1228 1109 1370 1173 Claudio:
1399 1133 1583 1177 carasseon

249 1208 328 1266 ludia
349 1206 541 1265 Martialibus
564 1206 720 1264 triclinium
740 1207 917 1264 sacerdotum
937 1225 995 1264 non
1016 1209 1259 1284 diaplasmatis,
1281 1217 1309 1270 ci
1330 1223 1371 1272 est
1389 1235 1532 1292 posennus
1553 1239 1584 1279 sa

247 1307 285 1365 ob
307 1306 407 1367 Silani
425 1307 490 1380 filio
515 1307 623 1364 domina
651 1306 707 1364 citt
733 1307 824 1378 adfini
851 1308 1011 1378 admoneri,
1037 1327 1071 1368 nc
1098 1311 1169 1384 quid
1187 1313 1289 1384 sociat
1310 1317 1390 1388 qaod
1410 1322 1537 1394 conspici
1557 1330 1583 1378 ct

250 1409 377 1466 derideri
396 1411 496 1484 possit.
542 1403 674 1480 Quinam
696 1406 723 1465 is
746 1425 812 1466 esse
834 1417 938 1481 posset
960 1405 1056 1468 Silani
1078 1409 1173 1483 lilius,
1196 1411 1318 1471 difficile
1340 1415 1420 1475 dictu
1441 1418 1533 1492 foret,
1555 1421 1582 1479 si

249 1507 371 1566 omnino
400 1507 437 1566 de
464 1525 501 1564 ea
526 1525 559 1564 re
586 1507 788 1582 quaerendum
816 1517 907 1566 esset.
951 1509 992 1566 At
1013 1509 1094 1584 quod
1115 1511 1213 1569 editur
1235 1531 1294 1571 non
1316 1525 1364 1574 est
1384 1517 1442 1575 nisi
1465 1520 1582 1580 coniec-

249 1615 317 1666 tura
338 1607 480 1667 Beroaldi
507 1625 613 1684 parum
641 1607 731 1677 lelix3
759 1607 790 1664 in
812 1607 897 1666 libris
920 1608 1057 1668 omnibus
1080 1620 1127 1669 est
1148 1611 1276 1684 Silvani,
1306 1633 1433 1692 comque
1454 1617 1583 1680 Claudio

250 1726 327 1768 uxor
347 1709 445 1785 prima
464 1708 555 1768 luerit
569 1708 690 1768 Plautia
703 1708 896 1784 Urgulanilla
917 1709 981 1767 filia
994 1710 1035 1768 M.
1051 1710 1162 1770 Plautii
1178 1709 1294 1772 Silvani
1315 1717 1448 1776 consulis
1470 1739 1498 1778 a.
1512 1720 1582 1796 tet,

249 1825 337 1868 soror
364 1810 477 1868 Plautii
501 1807 617 1870 Silvani
644 1809 792 1885 praetoris
820 1828 847 1868 a.
864 1807 902 1866 22
918 1829 947 1886 p.
964 1807 1034 1868 Chr.
1062 1813 1218 1870 memorati
1246 1814 1326 1890 apud
1348 1815 1485 1877 Tacitum
1513 1839 1582 1880 ann.

248 1911 280 1982 4,
295 1907 335 1967 22
356 1911 542 1986 aliorumque
557 1909 745 1968 Plautiorum
760 1917 998 1968 enumeratorum
1015 1911 1094 1987 apud
1110 1911 1326 1990 Nipperdeium
1342 1916 1422 1976 adh.
1438 1918 1458 1976 l.
1475 1919 1582 1996 Taciti,

249 2010 433 2089 intellegitur
454 2010 576 2070 omnino
597 2011 704 2068 horum
726 2010 836 2086 aliquis
859 2007 978 2068 Claudii
1000 2010 1105 2070 Liviae
1127 2015 1245 2088 nepotis
1267 2024 1424 2092 cognatus.

472 2371 530 2430 111.
573 2370 632 2428 DE
655 2369 758 2429 FIDE
780 2368 1036 2430 LEONHARDI
1059 2369 1364 2436 GVTENSTENII.

333 2505 417 2566 Inter
447 2523 515 2578 eos,
549 2505 600 2584 qui
632 2507 773 2581 privatim
806 2506 863 2565 sibi
896 2505 1063 2580 proluerint
1092 2507 1123 2564 in
1154 2509 1249 2584 copiis
1281 2511 1482 2590 epigraphieir
1514 2536 1584 2576 con·

249 2607 398 2684 gerendis,
421 2604 570 2666 Gruterus
592 2625 699 2664 nomen
724 2607 827 2682 posuit
850 2605 1021 2664 Leoohardi
1043 2604 1232 2666 Gutenstenii
1259 2610 1323 2670 iure
1350 2615 1481 2674 consulti
1503 2619 1583 2678 eius·

249 2726 309 2784 que
343 2708 473 2766 bominis
509 2707 629 2766 aliunde
661 2707 734 2766 mibi
766 2708 860 2784 ignoti
893 2707 924 2764 in
956 2707 1142 2781 praelatione
1173 2707 1210 2766 de
1243 2725 1298 2768 sua
1329 2712 1446 2790 sylloge
1477 2719 1585 2778 merita

249 2808 419 2868 accuratius
440 2818 568 2868 enarrat.
610 2808 740 2868 Iuvenes
763 2807 837 2866 duos
862 2804 1093 2866 Gutenstenium
1120 2808 1203 2866 illum
1230 2817 1260 2868 et
1285 2806 1454 2886 Gasparum
1477 2813 1583 2895 Sciop-

250 2908 332 2986 piom
353 2909 468 2968 Romae
495 2909 637 2986 degentes
665 2927 721 2985 pro
747 2927 849 2966 amore
871 2907 901 2964 in
928 2925 960 2966 se
981 2906 1198 2983 Velserumque
1224 2905 1374 2986 ‘quicquid
1400 2931 1582 2978 marmorum

251 3009 384 3087 quotidie
404 3029 459 3086 per
472 3010 600 3068 Romam
622 3009 781 3066 hincinde
803 3013 965 3076 erueretur,
988 3025 1090 3066 eorum
1113 3007 1341 3070 delineationem
1361 3015 1583 3090 septimanatim

250 3109 313 3169 iere
334 3126 433 3170 secum
455 3110 693 3168 communicasse
714 3109 782 3184 ipso
805 3106 1006 3168 Gutenstenio
1028 3108 1189 3168 adhibente
1210 3129 1332 3170 manum
1354 3132 1441 3174 suam
1462 3135 1585 3178 accura-

250 3205 417 3270 tissimam’.
456 3211 507 3269 Ab
528 3211 663 3270 Iohanne
685 3209 807 3268 Metello
829 3209 981 3286 adscripta
1001 3210 1040 3268 ad
1061 3227 1171 3286 eorpus
1193 3211 1433 3290 Menochiannm,
1455 3236 1532 3294 quae
1553 3230 1586 3278 ut

252 3323 283 3370 et
311 3311 372 3370 alia
399 3311 480 3370 domi
507 3329 578 3370 snae
606 3321 728 3370 servata
752 3311 902 3370 obtulerat
923 3309 1070 3370 Horatius
1092 3329 1111 3368 a
1133 3309 1222 3370 Valle
1247 3312 1312 3374 iure
1337 3317 1505 3390 consultus,
1532 3339 1585 3380 eos

252 3412 449 3488 descripsisse
470 3421 502 3470 ct
522 3412 657 3482 misisse;
680 3411 751 3470 item
774 3409 959 3470 Smetiauum
981 3412 1114 3470 codicem
1137 3430 1176 3470 ex
1196 3411 1384 3475 Farnesiane
1405 3417 1586 3480 bibliotheca

252 3533 271 3573 a
289 3511 396 3572 Fulvio
409 3511 523 3570 Ursino
546 3512 603 3570 sibi
625 3513 816 3586 impetratum
838 3529 890 3572 eos
913 3513 1078 3572 contulisse
1099 3531 1166 3572 cum
1186 3497 1353 3574 Smetianis'
1368 3517 1457 3577 editis
1479 3528 1509 3578 et
1530 3523 1584 3579 mi-

253 3615 330 3674 sisse
356 3631 432 3690 quae
452 3613 495 3671 ibi
516 3613 586 3690 plus
608 3612 732 3671 aliterve
754 3613 931 3692 legerentur.
974 3612 1113 3688 Denique
1134 3632 1201 3672 cum
1224 3615 1316 3675 addat
1338 3615 1487 3678 Gruterus
1509 3619 1583 3680 Ful-

252 3715 333 3775 rium
354 3713 499 3772 Ursinum
526 3713 652 3772 schedas
674 3730 746 3771 suas
768 3713 928 3790 plerasque
949 3722 1002 3770 aut
1023 3715 1105 3790 ipsas
1126 3733 1181 3789 per
1200 3713 1358 3776 Velserum
1381 3721 1585 3781 transmisisse

252 3825 305 3874 aut
331 3814 444 3872 Romae
473 3814 619 3874 obtulisse
647 3813 872 3885 describendas,
902 3812 1025 3871 dubium
1052 3831 1113 3872 non
1139 3823 1186 3872 est
1212 3815 1399 3877 describendi
1426 3819 1526 3879 officio
1553 3823 1583 3881 in

253 3917 300 3975 his
327 3933 446 3993 quoquc
472 3915 591 3974 iunctos
614 3931 682 3974 esse
703 3915 826 3973 iuvenes
849 3913 918 3972 illos
940 3923 970 3970 et
990 3913 1121 3971 maxime
1144 3911 1388 3992 Gutenstenium,
1418 3939 1485 3977 cum
1507 3941 1584 3998 quae

252 4025 378 4094 accepta
402 4014 538 4076 feruntur
564 4015 677 4074 Ursino
705 4016 736 4074 in
762 4032 887 4091 corpore
913 4013 1026 4088 passim
1056 4030 1110 4088 per
1136 4011 1368 4073 Gutensteninm
1396 4020 1515 4080 venisse
1543 4021 1588 4080 di.

253 4129 367 4177 mutor.
411 4116 491 4174 Huic
517 4117 714 4194 praelationis
744 4113 926 4192 expositioni
953 4113 1021 4187 ipsa
1042 4112 1160 4188 sylloge
1181 4114 1257 4172 satis
1278 4117 1455 4190 respondet,
1483 4121 1587 4180 titulos

253 4218 401 4295 quosdam
422 4217 556 4276 referens
578 4217 608 4276 in
631 4218 703 4276 urbe
726 4215 892 4291 descriptos
914 4233 933 4272 a
948 4211 1147 4273 Gutenstenio
1170 4212 1253 4288 (nam
1268 4212 1403 4292 Scioppii
1424 4235 1532 4278 nomen
1553 4223 1584 4279 in

252 4337 379 4395 corpore
399 4319 496 4376 rarius
517 4317 725 4393 memoratur),
746 4317 777 4374 in
799 4315 1005 4391 compluribus
1027 4321 1126 4372 annm
1142 4311 1334 4373 Gutenstenii
1356 4333 1463 4376 nomen
1482 4319 1587 4380 adiun-

253 4438 328 4497 gens
350 4419 473 4478 Metello
494 4417 659 4489 Ursinove,
686 4426 719 4476 ut
742 4416 831 4476 etiam
854 4434 904 4488 ea,
932 4433 1008 4490 quae
1031 4415 1129 4474 solum
1150 4413 1264 4474 Metelli
1285 4433 1394 4477 nomen
1415 4419 1589 4497 subscripta

255 4520 375 4592 habent,
398 4519 501 4577 omnia
521 4537 698 4594 eorumque,
727 4535 803 4594 quae
825 4517 881 4575 sub
903 4515 1009 4575 Ursini
1030 4515 1151 4573 nominc
1172 4516 1375 4591 proferuntur,
1397 4527 1513 4594 partem
1535 4521 1589 4580 ali·

254 4639 345 4698 qnam
370 4618 502 4680 Grutero
524 4639 543 4678 a
565 4617 765 4679 Gutenstenio
793 4616 1019 4676 subministrata
1040 4631 1107 4674 esse
1128 4623 1207 4674 recte
1228 4617 1368 4678 conicias.
1410 4617 1512 4692 Quare
1534 4623 1590 4680 ali·

255 4721 327 4798 qnid
349 4721 491 4780 momenti
512 4720 636 4779 habebit
657 4719 695 4776 ad
716 4718 820 4776 titulos
841 4717 973 4774 maxime
988 4715 1119 4774 urbanos
1134 4721 1215 4774 recte
1228 4717 1429 4780 aestimandos
1443 4714 1588 4781 iudicium

256 4819 293 4879 de
314 4821 372 4880 fida
394 4822 490 4900 ipsius
505 4819 706 4889 Gutenstenii‚
728 4835 819 4894 quam
840 4816 937 4874 adhuc
958 4814 1037 4890 quod
1061 4815 1152 4874 sciam
1175 4835 1264 4874 nemo
1278 4819 1310 4875 in
1324 4818 1446 4878 dubium
1461 4823 1590 4881 vocavit.

256 4917 337 4980 Sene
358 4922 388 4978 in
411 4922 515 4980 multis
537 4922 598 4980 illis
620 4929 651 4978 et
665 4919 769 4991 variis,
792 4935 869 4994 quae
890 4915 974 4974 misit
990 4912 1131 4988 Grutero,
1152 4916 1241 4976 etiam
1262 4902 1443 4996 intdrpolata
1464 4929 1494 4979 et
1512 4921 1591 4981 salsa

252 5007 379 5098 reperiri
407 5029 527 5080 constat
552 5039 649 5098 neque
677 5019 709 5077 id
736 5037 790 5095 per
814 5035 847 5076 se
872 5017 930 5092 ipsi
957 5013 1031 5074 vitio
1058 5017 1134 5074 verti
1158 5015 1254 5076 debet.
1299 5017 1451 5078 Volnmen
1475 5019 1593 5097 Ligorii

255 5122 338 5198 quod
359 5122 417 5180 luit
430 5121 546 5193 Ursini,
568 5137 648 5180 nnnc
669 5127 715 5178 est
729 5119 760 5176 in
775 5116 957 5176 bibliotheca
969 5115 1116 5175 Vaticana
1136 5133 1165 5174 n.
1184 5115 1276 5188 ³439,
1299 5118 1411 5178 dudum
1425 5128 1529 5180 notum
1545 5130 1592 5180 est

258 5222 384 5300 allegari
406 5223 488 5299 apud
503 5220 665 5283 Gruterum
681 5218 737 5280 snb
750 5218 838 5277 titulo
853 5215 1093 5288 Ursinianorum,
1114 5216 1275 5292 ipsumque
1288 5227 1449 5296 propterea
1462 5219 1592 5280 hominis

1345 5317 1386 5376 5·
